2898 4790
339 373 698 456 tuanoniron.
725 379 814 459 ΗΒ.
841 387 913 474 XI,
942 404 977 473 3.
1088 406 1162 480 377
1205 397 1211 408 “

154 575 428 686 dignantiunu
469 565 537 647 se'd
568 589 701 648 carent
732 568 836 664 arte,
861 576 1045 678 'ideoque
1069 575 1163 654 sunt

155 677 364 791 disciplina
396 703 435 762 et
456 685 623 764 ratione¹
636 681 847 766 formandi.
916 695 1065 769 Contra
1087 695 1160 794 qui
1176 707 1215 764 62

155 805 402 906 effinguntur
417 803 656 894 imitatione,
685 819 808 880 artem
825 805 995 883 habent:
1026 807 1094 884 sed
1116 809 1162 883 hi

157 937 291 998 carent
305 933 467 997 natura:
485 917 660 1018 ideoque
670 919 714 994 in
729 922 780 995 iis
797 921 974 1022 primunr
989 921 1046 996 est
1060 923 1165 999 bene
1194 993 1204 1002 ,,
1284 963 1290 970 ·

49 1037 54 1044 ’
157 1037 279 1128 effici,
315 1049 355 1110 et
377 1033 587 1134 concipere
609 1035 803 1136 imagines
826 1061 981 1128 retum,
1016 1036 1054 1113 et
1077 1055 1163 1116 tan·

165 1152 182 1191 l
720 1155 723 1164 .

156 1253 252 1312 animi
272 1255 404 1324 motui.)
428 1256 487 1310 Pro
503 1247 598 1310 aaran
611 1250 702 1310 Goth.
720 1265 828 1310 ceu-eet.
845 1303 850 1320 ,
1040 1237 1169 1332 ⁸ideoque

151 1339 230 1420 sunt.
254 1340 301 1394 Sic
313 1339 413 1394 Turic.
432 1337 510 1393 Flor·
525 1337 625 1394 Amba.
638 1351 665 1390 a.
682 1337 775 1392 Gucls.
786 1338 885 1412 Camp.
902 1343 968 1394 cum
977 1339 1061 1394 Beru.
1071 1341 1165 1393 Stoer.

160 1424 288 1481 Chouet.
310 1423 394 1478 Leid.
427 1420 552 1495 Reliqui
567 1421 698 1477 inserunt
713 1440 787 1483 ncnc
815 1421 946 1498 pessime,
969 1441 1035 1478 cum
1052 1424 1092 1478 lic
1103 1419 1166 1496 for·

27 1515 30 1522 ‘
74 1578 77 1584 1
160 1509 259 1565 muudi
285 1519 437 1582 perperam
464 1506 623 1580 incipiatur
644 1523 699 1578 pro
720 1505 777 1560 hoc
793 1503 968 1579 scrutabiles.
987 1508 1023 1563 cs.
1047 1523 1076 1564 ct
1095 1525 1168 1563 mox

159 1593 187 1665 ς.
204 1593 254 1648 62.
268 1591 321 1648 ubi
334 1592 367 1645 in
386 1590 486 1653 cadem
505 1591 590 1650 vecie
610 1591 917 1666 ideoqaesubjectioue
932 1590 1014 1648 nulla
1030 1590 1068 1650 est
1081 1611 1166 1667 nega·

161 1679 218 1734 tio·
260 1673 451 1732 Naturalibua
465 1673 598 1732 motibus
616 1673 814 1732 adhibendum
831 1675 900 1732 artis
916 1675 1065 1750 regirneut
1088 1665 1173 1736 tieeia'

160 1762 270 1820 veritae
286 1777 404 1816 naturae
421 1754 624 1834 impertienda.
668 1761 704 1814 ln
725 1758 777 1814 illa
793 1759 948 1833 negatione
964 1762 1059 1817 noster
1074 1753 1175 1836 proti-f
1268 1771 1273 1784 ¹

157 1866 217 1902 rura
232 1846 268 1900 ad
284 1864 387 1900 eorum
408 1844 494 1900 castra
509 1844 652 1910 transiret,
677 1863 752 1918 quoe
766 1841 955 1918 reprehendit
976 1845 1055 1920 snpra
1075 1853 1100 1920 p.
1118 1847 1176 1912 aa<

158 1931 233 2006 Non
248 1946 308 1986 erat
327 1929 421 2006 igitur
438 1927 518 2004 quod
540 1927 590 1982 hic
609 1925 729 2004 apiriair
744 1921 860 1998 φύσημα
875 1928 994 2004 spiraret
1012 1925 1175 1994 Gibsonueg
1211 1987 1215 1996 ,

160 2017 218 2091 qui
239 2016 304 2072 suot
333 2015 427 2070 Codd.
450 2031 507 2068 uon
532 2011 600 2068 dare
616 2032 653 2068 ne
671 2013 774 2088 diserte
791 2009 909 2086 quidem
927 2009 1039 2068 testatur
1057 2013 1171 2084 bonurn

163 2098 370 2156 Schrerelium
390 2099 550 2172 increpat,·
569 2095 774 2172 reddendaque
795 2099 859 2151 suae
877 2091 1033 2171 scripturae
1056 2086 1170 2153 ratione

163 2186 253 2241 etiarn
277 2181 489 2258 philosophum
508 2181 625 2258 prorsus
651 2183 742 2237 exuit.
786 2184 868 2236 Hanc
888 2196 983 2235 autem
1007 2181 1170 2246 emendare,

163 2289 227 2326 raon
241 2267 372 2324 recidere
384 2265 476 2320 niodo
490 2263 615 2322 debebat
628 2263 750 2340 Ceppcr.
761 2284 848 2341 quem
863 2265 958 2322 miror
978 2265 1028 2322 hie
1049 2265 1170 2340 sapitum,

120 2390 124 2399 ι
165 2369 235 2410 cum
251 2353 333 2427 supra
349 2361 377 2418 4,
395 2363 610 2423 ιριμοτιιπι
624 2350 751 2410 vidisset.
801 2340 803 2347 ¹
852 2383 865 2398 κ
924 2349 1072 2426 disciplina
1088 2363 1115 2405 et
1127 2364 1173 2406 ra·

166 2432 253 2494 tione'.
275 2437 324 2491 Sic
338 2435 439 2490 Turic.
457 2431 537 2490 Flor.
553 2435 654 2510 oamp.
674 2453 740 2490 cum
756 2433 835 2492 run.
851 2433 1044 2512 probantibue
1060 2453 1113 2492 nec
1132 2449 1176 2490 ta·

164 2541 235 2579 rnen
258 2519 468 2595 recipientibua
491 2519 593 2576 Burm.
623 2534 653 2576 et
676 2519 760 2576 Gelu.
789 2518 912 2597 Reliqui
937 2518 1101 2597 discipliuae
1121 2531 1177 2576 aa·

167 2607 287 2664 ditione.
888 2636 892 2643 ’
1155 2616 1159 2625 '

174 2763 192 2776 ·’
236 2739 285 2799 fit.
308 2741 337 2795 sai
353 2753 456 2798 emant.
479 2739 580 2796 Ambr.
596 2753 623 2797 2.
648 2741 667 2796 i.
683 2760 705 2795 c.
726 2740 777 2812 (cs.
792 2741 842 2798 61.
859 2738 928 2815 56.)
945 2739 1035 2801 Goth.
1051 2745 1073 2798 ii
1088 2762 1111 2798 e.

298 2828 334 2880 iis
353 2829 482 2901 primam.
512 2825 560 2880 eie
584 2825 683 2881 Turio.
712 2825 813 2882 Amor.
837 2840 865 2882 α.
896 2824 984 2883 Goth.
1002 2823 1077 2885 iens.
1100 2829 1181 2899 (tac.¹
1272 2827 1275 2834 ’

92 2981 97 2988 ,
168 2910 271 2988 earn.)
295 2929 364 2966 ctam
387 2911 452 2966 edd.
473 2909 642 2966 anteeant.
674 2910 730 2966 Sed
746 2912 846 2986 Camp.
863 2911 929 2986 isp.
951 2907 1073 2985 Reliqui
1088 2913 1130 2966 stit
1146 2933 1178 2986 p.

168 2997 266 3053 Modo
281 2994 361 3052 Flor.
378 2993 556 3068 effugiuntur.
584 2996 659 3051 Mox
673 2995 762 3050 uerbis
775 2995 856 3055 idem
872 2995 1009 3052 ctTuric.
1025 3015 1081 3069 pro
1096 2999 1176 3052 veris.

167 3079 262 3138 Goth.
274 3079 303 3157 fi
317 3079 395 3136 velit.
418 3079 517 3134 Traric.
533 3077 612 3135 Flor.
628 3081 727 3156 Camp.
741 3101 759 3134 a
770 3080 849 3136 nosris
864 3098 930 3136 cum
939 3076 1025 3140 Bodl.
1035 3078 1178 3136 eluunt.

169 3166 256 3222 Bastl.
280 3161 393 3239 Gryph.
416 3163 510 3218 tribue
533 3163 597 3219 edd.
621 3183 666 3238 ap·
684 3165 761 3222 Gibs.
779 3165 848 3220 anni
867 3173 953 3235 1542.
972 3162 1048 3218 (aibr.
1066 3163 1179 3220 Rollin.

171 3252 297 3328 Qappcr.
340 3251 376 3304 In
398 3262 475 3302 tanta
491 3247 598 3302 errorie
619 3247 759 3306 facilitate
775 3249 855 3306 nihil
872 3248 1000 3303 dandum
1013 3248 1184 3306 auctoritati

172 3335 281 3398 censui,
303 3345 507 3405 contraquam
524 3331 601 3389 oibt
615 3332 666 3388 hic
682 3351 801 3410 repente
815 3329 970 3407 religiosae
984 3333 1084 3390 lectur.
1109 3336 1185 3390 Mox
1307 3336 1315 3344 '

174 3419 269 3476 Goth.
290 3419 396 3492 accepit
412 3431 440 3472 ct
461 3433 517 3491 pro
533 3417 697 3473 enimidem
716 3423 784 3490 (tac.
800 3409 902 3496 ectu.)
917 3430 1018 3475 autent.
1049 3421 1106 3478 Pro
1124 3431 1185 3474 ten·

223 3606 386 3681 ideoqae-
391 3603 545 3680 formandi.
554 3603 590 3660 es.
598 3607 660 3662 nsit.
701 3607 831 3672 ,uenena
844 3603 960 3683 ροίῐῖι.κ
975 3605 1022 3661 sed
1035 3618 1064 3660 et
1078 3600 1186 3685 milliet

177 3691 245 3748 crit.
274 3693 460 3766 Quantopere
485 3689 575 3762 hujua
602 3689 663 3746 loci
703 3692 746 3746 lea
761 3694 932 3748 Ciceronem
950 3692 1046 3747 dicere
1060 3685 1186 3749 testatur,

177 3777 216 3834 fit
236 3780 354 3832 tationis
377 3772 565 3836 vocabulum,
587 3773 662 3830 Bur·
703 3795 799 3852 neque
822 3777 885 3830 sane
909 3777 1011 3831 attinet
1033 3789 1094 3827 rem
1114 3771 1186 3825 adeo
1236 3823 1239 3832 ,

177 3879 304 3919 mannua
329 3860 416 3920 docet
437 3857 616 3938 appellandia
630 3859 665 3916 si·
704 3856 1095 3935 notameaempliaassruere.
1109 3855 1187 3912 Nam
1237 3909 1238 3912 ,

176 3943 302 4004 milibua
329 3942 479 4002 seutentiie
507 3963 557 4010 rr,
580 3959 609 4009 Β,
633 3963 663 4016 9.
707 3961 737 4002 et
757 3945 852 4001 noller
875 3945 935 3999 scre
954 3943 1064 4018 semper
1087 3940 1189 3996 itare·
1231 3974 1240 3991 .

128 4063 135 4076 =
180 4047 231 4092 aa,
248 4047 276 4094 α,
295 4041 322 4100 4.
340 4031 385 4098 (id
402 4029 483 4105 quod
500 4027 559 4084 hue
573 4029 665 4084 maxi·
708 4033 816 4086 tiouem
833 4029 958 4103 usurpat.

178 4135 228 4172 me
253 4116 418 4190 pertinet),
441 4111 501 4170 Cic.
524 4115 559 4169 de
583 4115 665 4172 Orat.
765 4129 771 4134 ·

182 4219 210 4265 ι,
226 4211 277 4271 58.
293 4197 662 4272 ‚avutuufimodomdi
748 4196 798 4256 62.
819 4198 887 4254 bene
908 4189 1191 4272 effici—imaginat
1231 4223 1234 4230 ·
1306 4224 1309 4241 ·
