2940 4788
199 352 212 374 “
306 333 426 482 1276¹
532 391 592 461 tn
627 393 730 462 mn
767 391 1080 486 qurnrtrrnm
1188 417 1194 450 ι

309 581 426 670 cedit,
443 579 509 654 vel
528 580 685 666 erroris,
700 579 767 654 vet
783 575 1027 678 suspicionis.
1056 575 1315 654 Tutissimum

309 721 405 796 ergo
430 696 697 796 poenitentiae
715 691 919 784 confesso,
940 709 979 768 et
998 692 1205 769 satisfactio
1227 696 1315 768 cul-

258 827 266 838 ·
312 835 405 912 pce:
439 807 801 909 perducendusque
826 811 938 886 omni
964 808 1234 901 modo.judex
1263 810 1315 884 ad

256 929 395 1000 wirae
432 923 641 1024 pudorem
693 924 848 1034 Accidit
875 926 993 998 etiam
1018 949 1315 1022 nonnunquam

309 1039 446 1114 eade-m
463 1035 587 1127 causa,
619 1037 670 1112 de
686 1064 765 1136 qua
778 1041 1067 1140 pronunciarit,
1089 1036 1315 1138 cognoscat·

310 1179 390 1252 que
422 1155 594 1228 iterum:
637 1170 726 1228 tum
751 1153 858 1228 illud
890 1153 1054 1251 quidem
1086 1177 1314 1243 commune,

310 1267 420 1370 apud
432 1269 556 1344 alium
571 1293 645 1344 nos
659 1267 833 1378 judicem
851 1268 1121 1366 disputaturos
1137 1265 1188 1340 de
1203 1267 1314 1343 illius

310 1383 502 1460 sententia
525 1407 611 1457 non
640 1378 776 1458 fuisse:
817 1407 950 1481 neque
976 1385 1086 1458 enim
1109 1383 1315 1458 emendari

312 1498 361 1572 ab
378 1497 470 1583 alio,
490 1521 611 1595 quam
628 1493 725 1595 ipso,
741 1494 801 1572 sas
822 1495 915 1572 esse:
934 1515 1108 1574 ceterum
1126 1495 1314 1586 excausa,

310 1627 359 1688 ut
378 1631 560 1714 quaeque
581 1613 795 1712 permittet,
823 1629 891 1688 aut
909 1613 1087 1712 ignorata
1106 1611 1315 1713 quaedum,

313 1913 394 1968 redit.
417 1911 515 1967 Turio.
543 1909 621 1968 Flor.
644 1911 743 1985 Camp.
764 1909 844 1986 causa
860 1929 882 1967 c.
897 1909 994 1967 Gnels.
1012 1931 1035 1968 c.
1050 1911 1147 1968 credit.
1182 1913 1253 1970 Nou
1268 1933 1314 1970 ac·

313 1997 428 2070 quiesco
451 1997 483 2050 in
504 1993 638 2070 vulgatu,
662 1998 744 2068 cujus
766 1997 788 2052 fi
810 1997 848 2052 cst
868 1997 1005 2052 sententia
1020 2000 1157 2060 convenit,
1175 2001 1314 2071 congruit.

313 2079 444 2136 defidero
459 2081 658 2136 auctoritatem
674 2080 716 2136 ite
728 2081 853 2136 dicendi.
890 2081 1001 2154 Quidni
1023 2081 1128 2138 suerit:
1152 2081 1234 2156 causa
1250 2103 1314 2137 corr·

312 2166 408 2219 cedit?
429 2181 463 2220 ut
485 2165 562 2239 tpud
586 2166 648 2221 Cic.
671 2183 725 2238 pro
750 2165 873 2238 Quintio
895 2185 919 2221 c.
941 2185 987 2223 ro.
1002 2164 1121 2224 Eittud
1137 2167 1263 2222 adhaesit
1276 2188 1314 2222 ex

311 2247 387 2302 mele
406 2247 556 2304 intellecto
580 2249 756 2322 compendio
778 2245 901 2322 syllabae
924 2271 986 2305 con.
1179 2252 1218 2305 aas
1244 2255 1315 2310 irae.

185 2333 191 2340 “
310 2331 457 2405 Lepidum
474 2331 511 2385 est
525 2345 554 2385 et
568 2333 684 2387 criticae
700 2333 846 2390 tironibus
862 2335 1024 2390 notandum
1041 2335 1122 2409 quod
1136 2335 1185 2390 lu'e
1203 2337 1233 2390 in
1250 2337 1313 2412 ple·

310 2416 411 2488 sitque
431 2416 513 2470 MSS.
547 2413 622 2484 (nec
638 2431 734 2471 temen
750 2417 849 2473 Turio.
872 2435 922 2472 rut
935 2421 957 2473 F
960 2418 1013 2474 lor.
1032 2440 1198 2496 quanquam
1214 2421 1314 2487 ttm.)

308 2497 558 2641 §diraseiiciter
578 2513 776 2580 correctione
797 2501 907 2576 Regio,
929 2521 1086 2579 praeeunte
1113 2503 1230 2582 Cump„
1250 2525 1312 2562 uon
1345 2573 1349 2583 Ι

329 2599 364 2636 en
428 2601 489 2639 arv.

376 2765 426 2818 77.
455 2771 652 2827 nonnunquam
674 2755 770 2810 endem
790 2754 880 2831 cansa.
917 2758 965 2814 Sic
989 2759 1089 2816 Tur-ic.
1111 2759 1191 2817 Flor.
1213 2761 1314 2822 Guelt.

311 2831 410 2909 Camp.
435 2856 501 2891 curn
525 2837 614 2896 Goth.
636 2839 715 2898 Voss.
735 2854 762 2896 2.
787 2858 815 2896 et
832 2843 896 2898 edd.
921 2860 985 2900 aute
1007 2845 1072 2899 Asd.
1088 2847 1140 2920 qui
1154 2847 1254 2902 inserit
1271 2862 1314 2904 ut.

309 2920 379 2975 Bad.
392 2919 475 2975 Bos'tl.
491 2939 687 2996 nonnunquam
702 2925 815 2980 eandem
832 2925 950 3002 causant.
971 2927 1091 3003 Reliqui
1105 2953 1132 2986 n.
1150 2945 1180 2984 nt
1195 2931 1313 2988 eandem

308 3001 427 3078 causant.
597 3010 788 3082 pronunciarit
809 3010 941 3066 dedimus
961 3032 976 3068 e
999 3013 1178 3084 conjectura,
1200 3007 1319 3092 reliqui*

307 3092 514 3158 pronunciavit.
592 3137 601 3150 Α.
687 3092 894 3170 cognoscentque.
920 3095 1021 3152 Turic.
1041 3095 1119 3154 Flor.
1144 3115 1309 3176 cognatqne.

307 3171 366 3224 Hic
380 3177 408 3240 (a
423 3175 475 3231 sec.
488 3175 552 3240 m),
568 3171 665 3232 Guels.
674 3177 746 3232 Exc.
756 3181 868 3250 Septen.
878 3181 978 3254 Camp.
994 3195 1130 3260 cogatque
1144 3205 1210 3239 cum
1219 3187 1310 3245 Goth.

307 3253 388 3310 von.
404 3270 431 3311 2.
456 3265 485 3312 e't
505 3257 569 3312 edd.
592 3276 657 3314 ante
670 3259 736 3316 ttd.
765 3263 823 3317 Hic
841 3277 942 3336 agatur
962 3251 1165 3341 ti·arrsposittrm
1182 3269 1243 3342 posi
1259 3275 1311 3326 ite-

308 3357 377 3400 rum,
400 3339 533 3396 suadente
548 3344 652 3416 Regio.
682 3345 738 3399 Sed
755 3347 825 3402 Bad.
837 3347 921 3402 flant.
936 3339 968 3403 it
983 3349 1137 3425 cognoseat.
1155 3355 1242 3410 Tarv.
1263 3377 1312 3428 σο·Ι

306 3424 443 3496 gitntque.
464 3423 584 3500 Reliqui
601 3426 758 3502 cognoseat.
937 3454 1019 3506 quant
1040 3433 1110 3510 ipso.
1139 3438 1187 3492 Sic
1208 3438 1309 3498 Turio.

300 3503 407 3588 (ineis.
422 3507 522 3594 qamp.
545 3529 612 3564 cum
624 3511 714 3568 Goth.
730 3531 759 3569 et
773 3516 838 3572 edd.
853 3531 916 3572 ante
933 3518 1045 3593 Gryph.
1063 3539 1124 3577 exc.
1140 3521 1205 3578 Ald.
1228 3519 1309 3578 Reli·

306 3587 359 3664 qui
374 3589 503 3648 inserunt
515 3593 560 3649 ab.
732 3614 765 3654 nr
779 3622 908 3678 quaeque.
923 3595 1023 3658 Turio.
1037 3601 1121 3686 Flor.v
1130 3605 1227 3666 Guels.
1236 3605 1308 3664 Εκο.

348 3847 603 3918 77.pronunciarit,
627 3849 785 3928 eognoscat·
826 3873 898 3912 mox
911 3856 1036 3916 remittit
1052 3864 1078 3934 q.
1095 3867 1145 3930 73.

304 3943 365 3998 qne.
409 3927 505 3982 Facile
526 3949 562 3984 ex
581 3937 726 4006 proximis
741 3939 786 3991 in·
882 3953 886 3965 “

303 4007 448 4084 telligitur
469 4013 568 4084 judex.
626 4019 786 4076 Conferen·
870 4038 986 4080 ceterum
1008 4025 1153 4102 excausa.
1179 4029 1310 4106 Respicit

305 4091 359 4146 dus
383 4111 477 4150 notem
502 4097 561 4152 huc
584 4099 621 4154 att
644 4101 783 4160 iocunde
825 4107 861 4162 ed
876 4109 946 4162 illud
962 4112 1071 4186 quidem
1086 4133 1238 4172 commune.
1271 4117 1307 4170 In

194 4207 199 4226 .
303 4179 482 4268 praejudicio
505 4179 558 4239 lib.
577 4195 604 4252 5.
626 4203 650 4241 c.
665 4199 694 4244 2.
722 4207 782 4267 quo
824 4205 941 4250 ceterum
956 4195 992 4254 cs.
1009 4215 1036 4270 9,
1054 4207 1082 4268 4.
1099 4209 1149 4270 85.
