2940 4788
337 413 347 438 ‚
383 333 508 408 noer.
535 319 743 406 outrou
770 333 863 404 nu.
890 333 963 422 xr,
987 353 1022 405 α.
1124 353 1197 422 cu
1249 311 1252 319 '
1283 399 1286 406 .

196 522 253 600 est
279 522 435 624 duplici
457 524 674 599 memoriae
700 525 818 598 curas
860 525 967 598 Nam
987 521 1195 623 quomodo
1213 536 1253 599 26

193 654 388 746 poterunt
418 641 600 740 copulata
627 637 772 728 fluere,
796 636 837 712 'si
862 655 1023 740 propter
1044 635 1200 738 singule
1264 654 1268 665 “

194 757 318 831 verba
340 752 392 829 ed
414 752 587 855 singulas
613 751 760 831 sununs
780 749 1072 856 respiciendum
1094 756 1198 830 criti
1337 752 1341 766 ’

196 877 329 976 Quare
344 884 383 943 et
392 868 631 947 Charmadas
642 885 686 950 et
700 865 893 970 Scepsius,
911 868 1055 970 dequo
1073 863 1197 948 inodo
1266 919 1269 932 1

196 986 295 1074 dixi,
319 985 598 1075 Metrodorus,
626 1010 730 1084 quos,
742 985 883 1062 Cicero
900 983 998 1061 dicit
1013 981 1105 1061 usos
1122 985 1197 1060 hoc
1354 1068 1357 1080 Δ

197 1101 494 1190 exercitatione,
531 1097 606 1175 fibi
629 1099 804 1175 ltabeant
833 1096 921 1176 sua:
948 1125 1023 1177 nos
1046 1097 1197 1200 simpli·
1304 1133 1307 1142 *

196 1219 304 1293 ciora
321 1215 530 1294 tradamus.
571 1217 611 1290 Si
626 1215 787 1316 longior
803 1213 1100 1315 complectenda
1113 1241 1196 1290 me·
1211 1235 1251 1292 ⁸7

195 1321 325 1408 moria'
345 1327 470 1406 suerit
496 1333 644 1418 oratio,
670 1329 848 1432 proderit
871 1355 943 1431 per
968 1346 1094 1431 partes
1114 1330 1199 1406 edi-

196 1444 323 1521 scere:
362 1445 515 1524 laborat
544 1448 653 1521 enim
681 1448 851 1550 maxime
878 1440 1028 1522 onere:¹
1059 1461 1098 1520 et
1121 1445 1198 1520 hae

196 1575 328 1663 partes
359 1585 443 1637 non
470 1557 549 1638 sint
580 1563 834 1662 perexiguae:
878 1561 1032 1668 alioqui
1059 1558 1198 1638 rursus

196 1678 346 1752 multae
359 1691 489 1766 erunt,
516 1693 556 1751 et
573 1701 658 1752 eam
672 1676 916 1776 distinguent
930 1692 1046 1776 atque
1065 1677 1199 1752 conci·

193 1791 305 1867 'dent
362 1784 449 1866 Nec
472 1794 615 1890 utique
642 1805 795 1868 certum
810 1791 1091 1892 imperaverim
1112 1817 1199 1868 mo-

198 1907 310 1996 dum,
338 1903 406 1982 sed
425 1909 595 1982 maxime
619 1908 854 2006 utquisque
879 1904 1048 1980 finietur
1062 1907 1197 1982 locus:

117 2023 247 2118 990ni
268 2019 372 2100 sorte
398 2037 478 2098 tam
502 2020 757 2112 numerosus,
785 2036 832 2096 ut
851 2017 934 2122 ipse
958 2044 1121 2122 quoque
1138 2020 1200 2098 di·

197 2239 291 2296 oratio
301 2237 336 2296 ab
350 2236 402 2295 ille
417 2237 595 2296 concessione
612 2237 671 2294 orsu
686 2236 768 2311 supra
785 2235 945 2292 Habeamus
953 2233 1031 2312 sque,
1047 2235 1083 2294 cs.
1102 2247 1129 2306 5,
1149 2257 1197 2304 ro,

201 2325 252 2396 1.)
273 2343 331 2388 „o.
350 2343 378 2399 q.
394 2323 437 2380 d:
460 2332 585 2380 nonue‘'
612 2320 734 2394 (malim
757 2342 814 2375 uon
833 2321 934 2383 solum,
958 2321 993 2377 cs.
1018 2341 1066 2385 ιι.
1086 2341 1110 2395 ιι,
1128 2315 1198 2394 5ο.)

194 2405 360 2486 „impediri
374 2417 500 2484 ‘'noque'‘
524 2410 651 2480 (tantum
668 2405 744 2464 eboli
761 2423 794 2464 ut
812 2405 968 2478 adjuvetur
993 2405 1050 2462 hoc
1072 2407 1200 2464 artificio
1299 2445 1302 2457 ·

196 2494 401 2569 mnemonico)
414 2495 546 2557 ..dicendi
561 2489 664 2568 cursum
678 2513 707 2548 n.
725 2512 750 2550 e.
765 2491 794 2548 d.
809 2511 850 2548 m.
870 2488 962 2548 cures
973 2498 992 2524 ‘⁸

262 2595 312 2652 26.
334 2594 514 2652 Charmadas.
533 2594 612 2650 Flor.
633 2593 822 2654 Uscanenses,
845 2609 874 2650 et
895 2593 1005 2669 reliqui
1019 2609 1084 2650 ente
1099 2587 1200 2653 Βότω.

199 2696 300 2736 omues
324 2680 489 2737 carneades.
525 2678 664 2734 Nostrum
687 2677 741 2732 esse
756 2677 789 2731 in
808 2678 907 2732 Turio.
925 2677 1102 2737 conserentis
1118 2679 1201 2736 silen-

200 2767 276 2822 uum
297 2763 421 2820 testetur.
437 2763 548 2820 escle.
564 2764 600 2818 de
617 2761 670 2818 Or.
686 2775 715 2824 α,
732 2769 782 2830 38.
804 2763 873 2816 Ern.
888 2777 953 2823 not.
969 2761 1203 2838 Cappemueriue

200 2847 377 2906 demonstrat
398 2848 637 2924 Fortuuetieuum
658 2865 694 2902 ex
714 2844 884 2902 Pithueeuit
900 2845 1077 2902 Charmada
1090 2865 1202 2904 memo·

198 2951 265 2990 rem
283 2954 313 3010 p.
327 2943 377 3000 55.

266 3049 316 3103 27·
338 3031 436 3111 rursus.
459 3034 507 3090 Sic
520 3034 618 3090 Turio.
633 3031 712 3088 Flor.
732 3031 829 3089 Guels.
844 3046 911 3088 cnm
923 3031 1000 3089 xlm.
1022 3029 1143 3107 Reliqui
1163 3035 1205 3094 nt·
1320 3031 1323 3038 ¹

201 3121 263 3176 mis.
289 3120 363 3174 Mox
381 3121 480 3174 Turio.
497 3118 575 3176 Flor.
593 3131 675 3174 mute.
690 3115 786 3174 Guels.
802 3119 981 3188 conjunctim
997 3132 1161 3176 metuerunt.

332 3205 451 3260 nwdum.
468 3203 567 3268 Turio.
586 3203 664 3258 Flor.
682 3200 778 3264 Guels.
796 3203 880 3258 modo
901 3221 968 3257 cunt
984 3200 1073 3258 Goth.
1090 3203 1207 3262 Voffie.

200 3289 276 3350 Jens.
293 3290 381 3344 Tarr.
397 3307 458 3344 uon
472 3288 572 3362 Cemp.
589 3287 698 3362 Regino
712 3286 848 3342 conexit.
1014 3288 1046 3340 ni
1053 3285 1141 3360 forte.
1159 3290 1207 3345 Sic

200 3372 282 3430 Flor.
307 3371 402 3430 Guels.
427 3393 493 3428 cum
514 3371 601 3428 Goth.
620 3371 694 3430 Jens.
709 3387 738 3426 ot
752 3369 816 3426 edd.
832 3369 950 3445 pollerr.
967 3385 1031 3427 ente
1046 3371 1158 3448 Gryplr.
1177 3375 1206 3428 in

193 3455 225 3534 f.
242 3457 341 3512 Truic,
363 3455 415 3525 (cs.
434 3457 468 3511 de
486 3457 539 3511 hec
554 3455 721 3512 consulione
736 3453 886 3510 Drakenb.
902 3453 938 3508 od
952 3455 1020 3510 Liv.
1035 3465 1085 3524 38,
1102 3471 1151 3526 50,
1169 3461 1209 3525 ι.)

201 3540 323 3616 Reliqui
340 3539 397 3616 -m'fi
404 3540 431 3615 f.
450 3539 581 3617 quorum'
591 3557 620 3596 et
634 3541 733 3613 camp.
748 3537 783 3594 cs.
799 3539 923 3613 eundem
938 3539 974 3594 ed
987 3553 1037 3608 23,
1057 3561 1083 3604 1,
1101 3552 1130 3610 8.
1152 3545 1206 3596 Su·

200 3625 295 3700 spicer
316 3643 413 3683 eutem
428 3627 491 3700 poll
501 3624 582 3702 forte
598 3623 775 3681 intercidisse
792 3618 839 3696 est.
1004 3639 1062 3680 tam
1080 3645 1206 3680 numero·

192 3707 255 3788 sus.
285 3711 333 3768 Sic
346 3710 446 3768 Turio.
463 3709 558 3768 Guels.
582 3710 681 3784 camp.
704 3727 772 3766 cum
793 3703 882 3764 Goth.
903 3705 982 3798 Vos.
1000 3723 1029 3764 α.
1052 3729 1119 3766 cum
1139 3709 1204 3764 edd.

246 3907 296 3960 27.
309 3893 433 3954 laborat.
458 3895 562 3952 Malim
577 3894 686 3952 laboru-
770 3891 853 3950 locus.
877 3893 961 3952 Certe
983 3891 1124 3949 tractandi
1138 3913 1208 3968 pro·

200 3977 306 4046 turios.
321 3999 367 4043 ιι,
377 3980 686 4056 5,’57.);ιιεῳιοοηίῃι
727 3978 815 4056 politi
828 3997 912 4055 perce
930 3981 1074 4034 materiam
1090 3977 1210 4034 barbare

198 4066 233 4121 in
251 4065 349 4120 activo
366 4065 525 4138 subjectum
542 4067 581 4121 est
593 4063 686 4120 meni·
729 4063 865 4122 dicimur.
886 4061 1057 4138 numerosum
1069 4061 1104 4118 es.
1113 4063 1149 4118 ed
1161 4081 1210 4126 ιο.

201 4149 315 4216 sessum
339 4165 368 4204 et
383 4169 455 4208 mox
464 4149 517 4228 sed
532 4169 586 4228 pro
600 4161 635 4206 et.
731 4159 760 4217 5'.
783 4165 813 4224 9.
