2940 4788
324 371 449 458 rust·
477 369 687 454 ORATOR.
715 343 907 462 Ltu'x1,
936 393 968 466 ¹t
1032 436 1036 444 Ι
1079 374 1154 462 267
1248 417 1252 426 »

142 573 278 666 patres·
322 563 441 640 etiam
479 557 690 662 filiosque,
750 585 845 638 cum
890 557 1160 668 intervenisset

142 679 435 780 emancupatio‚
463 678 661 776 litigatum
677 674 767 754 scio.
825 681 873 754 ln
885 677 978 754 'aliis
993 705 1158 779 quoque
1176 705 1216 765 66

145 791 515 898 propinquitatibus
538 791 846 870 custodiendum
868 789 934 884 est,
962 810 1009 869 ut
1027 796 1161 887 inviti,

145 925 186 984 et
228 904 454 995 necessaria,
508 922 547 980 et
587 930 702 1007 parce
740 907 968 1002 judicemur
1002 908 1159 988 dixisse:

145 1025 271 1124 magis
295 1038 427 1098 autem
451 1017 693 1114 aiat-minus,
733 1039 780 1098 ut
801 1025 947 1124 cuique
970 1023 1160 1126 personae

146 1138 317 1214 debetur
339 1138 573 1212 reverentia.
630 1136 779 1214 Eadem
807 1165 883 1240 pro
917 1140 1068 1218 libertis
1092 1141 1161 1216 ud·

145 1252 286 1330 versus
317 1268 507 1356 patronos
541 1249 800 1357 observantia.
871 1258 931 1348 =Et
966 1253 1013 1330 ut
1039 1253 1160 1332 semel

146 1371 264 1474 plura
284 1366 535 1468 complectar,
552 1391 763 1466 nunquam
780 1367 937 1445 decebit
952 1369 1005 1446 fic
1021 1370 1162 1448 adver·

146 1483 213 1562 sus
233 1485 330 1559 tales
346 1505 459 1582 agere
480 1480 677 1583 personas,
705 1484 912 1584 quomodo
936 1503 1071 1563 contra
1087 1513 1162 1564 nos

147 1601 210 1700 agi
224 1599 272 1673 ab
290 1595 525 1674 homiuibus
551 1597 793 1674 conditionis
819 1599 998 1695 ejusdem
1016 1605 1162 1702 iniquo

147 1716 285 1790 animo
305 1709 534 1788 tulissemus.
591 1711 810 1789 Praestatur
838 1719 918 1793 hoc
941 1718 1158 1816 aliquando
1179 1735 1217 1806 67

148 1831 269 1906 etiam
295 1827 572 1930 dignitatibus,
597 1843 645 1904 ut
664 1828 857 1908 libertatis
882 1830 1036 1910 nostrae
1057 1837 1159 1911 ratio
1244 1913 1252 1928 ,

213 2063 415 2136 amaawpan'o.
441 2059 490 2115 Sic
506 2059 607 2117 Tua-ic.
621 2058 743 2134 Reliqui
754 2053 954 2142 emancipatio..
966 2063 1002 2118 cs.
1019 2064 1046 2124 6,
1067 2081 1093 2126 r.
1109 2072 1159 2133 44.

149 2147 225 2204 Mox
240 2147 320 2200 idem
343 2146 478 2218 litigaitas.

215 2231 265 2287 66.
288 2228 445 2308 neeeffaria.
469 2228 517 2284 sie
531 2227 632 2284 Turio.
647 2225 735 2286 -Flon
751 2230 851 2304 camp.
866 2250 933 2288 eum
948 2231 1025 2288 Asin.
1039 2230 1162 2310 Reliqui
1267 2273 1280 2292 .

150 2313 309 2392 neeeffirrio.
342 2315 437 2370 Iidem
458 2333 530 2369 mox
549 2327 645 2388 parte,
677 2335 743 2370 eum
765 2317 839 2374 sens.
869 2315 1161 2388 (tranctantem

149 2401 317 2475 corrigente
342 2401 446 2474 Regio.
620 2399 734 2454 libertis.
765 2399 843 2456 Flor.
873 2399 902 2474 (a
920 2422 964 2476 pr.
980 2405 1036 2476 m.)
1062 2401 1161 2460 Guels.

150 2487 222 2540 Eae.
245 2487 360 2541 Senten.
383 2479 529 2544 libertatis.
629 2471 636 2504 '
700 2499 845 2559 patronos.
867 2487 968 2542 Ambr.
986 2503 1013 2542 ta.
1041 2487 1165 2558 (relicto¹
1205 2515 1210 2522 ·

151 2569 306 2644 aliquanto
321 2568 448 2633 lacunae.
466 2591 532 2626 cum
545 2572 633 2646 supra
644 2569 693 2643 65.
717 2591 772 2644 pro
794 2574 909 2642 petroni
931 2571 1052 2628 dedisset
1064 2562 1163 2650 patro)

150 2653 248 2708 Guell.
269 2656 339 2710 Exe.
364 2655 478 2712 Saurea.
499 2676 558 2712 nos.
581 2655 660 2711 Flor.
684 2669 830 2729 patronus.
1021 2655 1161 2732 personas.
1214 2679 1217 2688 ’

148 2737 251 2793 Turio.
274 2737 353 2794 Flor.
373 2736 514 2813 personis:
532 2739 583 2794 ille
599 2739 690 2794 modo
707 2738 737 2814 fi
757 2758 811 2812 pro
827 2739 879 2815 fic.

217 2821 266 2888 67.
309 2825 394 2878 etiam
419 2823 613 2898 dignitatibus.
630 2824 753 2880 ‚Turio
775 2813 927 2882 interires
961 2823 1012 2894 (cl.
1038 2828 1064 2897 ᾖ.
1089 2828 1163 2894 24),

150 2907 255 2981 camp.
275 2908 330 2964 aet.
351 2906 453 2964 Ambr.
479 2925 507 2964 a.
531 2907 626 2965 Gueli.
646 2913 746 2964 loanu.
770 2913 843 2977 (tac.
861 2910 954 2980 Gibl.)
977 2929 1000 2963 e.
1022 2910 1164 2982 dignatio·

149 2991 233 3048 nibus
262 3011 330 3046 cum
355 2991 430 3051 Jent.
459 3007 488 3048 et
514 2993 578 3049 edd.
601 2993 719 3067 postera.
743 3009 808 3048 ante
827 2991 894 3048 Ald.
917 2997 1085 3050 Burmanno
1105 2994 1165 3049 hoc

151 3077 301 3152 probanti,
329 3077 396 3150 quia
413 3077 490 3150 saepe
507 3077 579 3133 liaeo
592 3078 687 3133 forma
710 3079 742 3134 in
758 3079 845 3136 bunia
865 3079 958 3134 Codd.
974 3077 1104 3132 succedat
1118 3076 1167 3132 illi

152 3160 241 3216 alteri
256 3161 306 3226 (de
323 3180 384 3237 quo
401 3160 437 3214 cl.
453 3161 603 3218 Drakenb.
622 3163 656 3216 ad
672 3164 740 3221 Liv.
759 3180 793 3224 2,
818 3163 866 3226 16,
893 3165 935 3232 5.)
959 3179 1019 3216 non
1034 3163 1167 3218 accedam

152 3245 186 3300 iu
209 3246 348 3308 notione,
385 3245 479 3320 qualis
503 3246 553 3300 hic
575 3245 627 3308 est,
657 3261 801 3310 concreta,
848 3263 883 3302 ut
904 3265 970 3302 cum
995 3243 1167 3302 Dialecticia

151 3331 259 3386 nostris
278 3327 391 3409 loquar.
408 3331 572 3390 Turiceuste
593 3330 675 3386 illam
694 3329 953 3406 interpolationem
978 3329 1028 3386 laic
1043 3348 1113 3393 non.
1136 3346 1170 3386 ur

153 3413 235 3479 alias,
257 3407 386 3470 indice'm
406 3413 532 3472 diversae
548 3416 703 3491 scripturae
721 3417 843 3494 accipio,
865 3435 970 3472 verum
991 3416 1056 3470 aliia
1077 3414 1169 3472 iuter·

195 3611 257 3658 dum
293 3599 478 3678 intervaarffet
514 3625 642 3660 emanca-
681 3599 812 3678 ‚‚causari
855 3601 984 3680 adversas
1031 3605 1170 3680 patrem.“

149 3692 244 3764 petio·
286 3687 368 3760 „Qui
394 3689 471 3742 enirn
493 3688 563 3744 aliae
579 3687 641 3743 liti·
683 3687 834 3746 Gesnerut.

149 3789 256 3847 „garet
274 3791 343 3828 cum
363 3787 444 3846 patre
470 3771 564 3837 siliur,
588 3773 640 3848 qui
978 3839 985 3846 ,

150 3859 207 3921 „in
225 3857 315 3932 ipsius
331 3855 469 3930 poteslate
489 3855 550 3926 est?
573 3861 641 3914 Huc
728 3856 776 3925 67.
795 3858 867 3914 Prae
879 3871 1010 3914 tatura-
1023 3857 1170 3932 dignitati·

150 3941 304 4018 „pertinet
320 3939 493 4000 Afranianae
523 3941 641 3999 fabulae
684 3943 742 3998 bas.
771 3942 856 3998 Prius
880 3944 915 3998 cs.
941 3945 975 3999 ad
1000 3957 1035 4007 2.
1062 3956 1115 4008 17,
1140 3957 1169 4004 2.
1257 3931 1260 3946 ’

146 4021 301 4088 '„titulua‚
325 4043 411 4098 quem
430 4027 523 4082 ruodo
544 4026 646 4082 leuda-¹
685 4029 848 4100 Dignitatea
866 4043 962 4084 eutem
984 4028 1123 4082 dicuutur
1139 4039 1172 4080 ut

150 4110 461 4173 ..vimueexNou.'t‚
482 4112 642 4179 r·57.Nam
684 4109 835 4186 potestates
858 4131 913 4185 pro
946 4111 1118 4168 hominibus
1139 4109 1172 4162 iu
1198 4157 1201 4164 .

152 4193 370 4268 „Emancipato
417 4195 535 4252 demum
573 4196 645 4254 licet
686 4195 783 4274 aliqua
822 4196 962 4270 dignitate
998 4195 1172 4256 constitutit·
