2898 4790
1026 61 1054 126 ‚l

308 344 433 452 ansa,
460 377 671 482 onrron,
695 380 788 460 uta.
815 381 889 468 xr,
924 399 959 466 3.
1060 397 1137 472 435
1236 473 1238 484 Ι

119 577 221 667 jecta
234 567 280 644 in
298 567 516 646 humerum
534 581 638 665 toga,
656 589 750 640 cum
769 563 902 638 dextra
919 563 1051 646 linum
1068 597 1134 648 us.

121 709 203 784 que
228 681 279 757 ad
308 683 469 760 lumbos
497 681 765 768 reduxerunt,
801 677 953 756 linistra
978 683 1132 786 gestum

119 799 313 876 facientes
326 795 544 898 spatiantur
563 812 602 871 et
615 794 866 872 fabulantur:
894 822 985 873 cum
1010 803 1132 876 etiam

118 916 275 992 laevam
302 909 535 1012 restringere
558 913 712 1011 prolata
735 911 897 1009 longius
920 911 1055 988 dextra
1079 914 1132 994 [it
1174 967 1180 978 ·

118 1026 318 1108 odiosum.
376 1027 494 1104 Unde
521 1051 707 1114 moneor,
746 1040 870 1100 utne
894 1025 938 1102 id
962 1030 1129 1125 quidem

117 1161 334 1234 transeam,
364 1139 602 1243 ineptissirne
621 1139 727 1229 lieri,
758 1165 849 1216 curn
872 1141 977 1218 inter
993 1169 1127 1224 moras

116 1259 396 1336 laudationum
425 1275 495 1334 aut
517 1260 570 1344 ‚in
594 1281 732 1332 aurern
754 1256 922 1350 alicuius
948 1259 1128 1360 loquun-

114 1390 195 1464 tur,
220 1391 399 1450 anteum
417 1371 618 1450 sodalibus
635 1378 828 1466 jocantur,
848 1361 916 1448 au't
935 1399 1128 1456 nonnun-

114 1513 236 1592 quam
252 1489 302 1566 ad
318 1490 502 1566 librarios
520 1486 612 1564 suos
627 1489 681 1563 ita
700 1485 929 1586 respiciunt,
953 1505 999 1564 ut
1014 1488 1127 1592 spor·

112 1605 240 1682 tulam
255 1604 402 1682 dictare
412 1603 636 1680 videantur.
667 1603 856 1678 Inclinari
872 1602 922 1678 ad
936 1609 947 1696 j
953 1605 1124 1698 udinem,
1132 1640 1184 1698 aaa
1283 1617 1288 1642 ¹

111 1747 207 1798 cum
237 1719 399 1828 doceas,
418 1721 570 1818 ¹utique
591 1715 625 1792 fi
649 1716 713 1805 id,
745 1717 794 1794 de
819 1742 901 1818 quo
926 1719 1125 1819 loquaris,

106 1834 161 1912 lit
187 1834 406 1926 obscuriuS,
433 1835 537 1910 licet.
594 1833 830 1910 Incumhere
849 1831 1041 1914 advocato
1056 1837 1153 1912 adv

173 2095 288 2174 ²52st
312 2100 349 2154 irl.
381 2097 480 2154 Turio.
499 2095 577 2152 Flor.
586 2094 654 2171 suis.
678 2097 753 2150 Mox
767 2095 835 2148 licet
848 2094 1004 2150 nobiscum
1019 2095 1122 2158 Turic.

105 2181 188 2242 Flor.
213 2183 314 2260 Camp.
337 2199 372 2239 ut
393 2199 422 2239 et
443 2179 520 2238 Alm.
547 2183 625 2236 dccet
643 2171 763 2256 reliqui.
788 2178 904 2254 diversis
927 2178 1016 2237 Goth.
1042 2185 1120 2250 (err.
1151 2191 1154 2199 '

104 2399 235 2478 plicatur
250 2421 304 2456 nec
320 2401 482 2474 quidquam
499 2397 591 2472 gallur
634 2395 698 2452 latia
714 2395 798 2452 iacile
814 2393 1047 2470 intelligereturt
1069 2396 1122 2454 etii

103 2486 237 2562 pengia
267 2485 348 2561 qnod
382 2475 459 2552 'narn
474 2482 592 2538 [italie-
633 2480 723 2557 panlo
751 2478 926 2544 insolentior
953 2480 992 2536 cst
1013 2483 1120 2548 oratio.

102 2589 179 2629 num
195 2587 224 2625 et
236 2504 419 2631 indecoralo,
439 2587 475 2624 eo
488 2566 591 2640 impri·
635 2567 714 2640 quod
730 2567 771 2622 ait
787 2565 906 2626 scinde,
931 2565 1119 2639 quodmodo

102 2655 165 2710 mia
185 2669 311 2732 apparet.
328 2653 409 2728 quod
423 2673 460 2708 ne
480 2671 511 2706 ea
528 2649 592 2725 qui·
632 2649 881 2726 reprehendebat,
925 2650 1059 2714 moueri,
1083 2665 1121 2708 ut

104 2739 192 2802 dem,
215 2759 289 2815 qnae
310 2755 339 2794 et
361 2735 471 2812 [emper
488 2751 590 2791 etma-
632 2735 768 2810 protinus
794 2733 868 2790 aliua
899 2753 1017 2808 quoque
1046 2735 1119 2792 vitii

101 2825 187 2878 xime
210 2823 323 2899 agendo
345 2821 467 2876 inservit
489 2818 590 2874 dextra
632 2817 812 2874 notationem
848 2817 1009 2892 subjungat.
1059 2817 1118 2876 aad

103 2908 168 2978 (cl.
191 2906 398 2982 §.rumline
415 2904 477 2961 ullo
492 2903 589 2959 laevae
632 2903 749 2958 forcalle
781 2901 895 2978 aliquid
922 2901 993 2958 latet
1022 2903 1054 2958 in
1076 2905 1118 2959 iic
1194 2913 1197 2922 ’

99 2991 266 3050 ministerio
294 2987 436 3067 probatur
459 3003 510 3046 aut
528 2987 589 3064 pla·
632 3007 705 3064 quae
720 2986 770 3043 hic
786 2988 905 3045 turbarat
913 2987 1037 3045 codices.
1051 2987 1119 3048 vid.

102 3091 162 3134 cet.
205 3079 287 3132 Sinus
307 3075 428 3151 quidem
453 3075 590 3132 reducitur
631 3087 694 3128 not.
710 3072 776 3128 crit.

99 3159 172 3224 laic,
202 3181 264 3218 non
283 3158 443 3226 deducitur,
469 3157 552 3215 velut
573 3178 590 3212 a
668 3154 827 3232 sportulam
856 3157 970 3213 dictare.
1014 3158 1118 3217 Servio

101 3245 222 3302 caestre
271 3247 390 3320 jamjam
440 3243 588 3300 morituro
630 3243 689 3298 suia
710 3241 841 3300 librariis
868 3241 1015 3318 imperant
1034 3263 1116 3319 prae·
1149 3291 1151 3302 ,

101 3327 241 3405 (Sueten.
259 3351 283 3388 c.
302 3331 385 3404 ει),
409 3329 479 3386 dnm
497 3347 513 3382 a
528 3347 588 3382 me·
630 3327 755 3406 bendum
771 3326 868 3383 ellulia
881 3325 962 3384 hicce
984 3325 1118 3386 laudato·

100 3415 302 3490 «lingonibus
321 3431 477 3478 retractus,
500 3411 588 3468 iula-
630 3411 712 3468 ribna
741 3409 907 3486 sportulam.
978 3413 1118 3470 Remittit

98 3517 151 3558 tue
174 3503 343 3576 congeritur
371 3515 458 3573 atque
481 3495 587 3553 alleva·
628 3515 683 3552 nos
707 3495 847 3551 Geluerua
868 3496 903 3550 ad
921 3495 996 3554 Plin.
1012 3498 1117 3574 Epitta.

98 3601 167 3649 tur,
190 3584 244 3641 ubi
266 3585 376 3640 astricta
397 3585 516 3638 dextrae
539 3603 587 3658 ap·
629 3588 761 3653 2144.
783 3579 1115 3645 „inmediabalilicc-

96 3667 293 3746 preheulione
317 3669 512 3724 continendae
537 3667 584 3722 att.
627 3680 707 3730 „tam
730 3663 826 3739 palam
854 3665 1000 3740 sportulae
1023 3659 1115 3742 quam

97 3753 170 3809 Hoc
198 3755 252 3809 else
288 3755 407 3810 videtur
438 3751 516 3828 qnod
552 3751 585 3808 in
628 3749 680 3814 „in
702 3749 832 3806 triclinio
856 3749 990 3805 riantur.u
1032 3749 1114 3805 Nota

97 3837 185 3894 laeva
211 3820 374 3914 instringere
395 3857 513 3898 manum
536 3857 584 3912 np-
627 3833 820 3910 sportularum
843 3834 1034 3908 petendarum
1050 3848 1114 3887 tur-

96 3919 193 3998 pellar
213 3924 323 3988 noller,
348 3923 399 3980 usu
417 3921 503 3980 verbi
520 3923 584 3980 lane
626 3919 742 3994 pitudo,
755 3917 822 3973 teste
834 3919 961 3973 maxime
969 3913 1116 3978 juvenale

96 4009 217 4064 nonita
234 4005 390 4084 frequenti.
627 4006 684 4058 Sat.
708 4023 734 4068 r,
755 4001 925 4069 217—26.

148 4093 364 4150 Undarnoneer.
386 4093 501 4150 Haecsi
517 4091 585 4148 ell'ct
672 4102 741 4156 132.
771 4087 928 4142 incumbere
961 4085 1112 4166 calnocato·

95 4177 249 4244 manilella
270 4177 417 4238 librorum
435 4179 585 4258 scriptura,
628 4177 811 4232 Structorem
826 4171 947 4246 nattende
970 4187 999 4230 et
1020 4169 1057 4231 cl.
1074 4187 1112 4246 9.

724 4293 842 4370 ΕΗ,
