2808 4784
306 415 378 484 280
545 369 1076 495 n.ran.oo1nr1n1an1

305 589 373 668 Μ..
410 584 573 664 Tullius
627 601 783 661 tantum
833 581 1008 660 intulille
1071 586 1320 688 eloquentiae

307 703 472 789 lumen,
500 699 613 800 quod
630 703 674 776 in
686 701 762 777 hos
778 723 943 798 quoque
965 697 1192 778 studiorum
1207 698 1321 774 secel-

309 815 375 894 lus
390 819 574 892 excurrit.
620 812 772 892 Namli
791 815 909 890 nobis
926 813 1007 891 sola
1025 817 1188 890 materia
1202 813 1375 900 luerit9t⁵

312 957 361 1008 ex
381 932 543 1020 litibus,
570 926 719 1006 necesse
744 927 818 1018 est,
859 928 1061 1006 deteratur
1086 927 1248 1030 fulgor,
1286 948 1323 1012 et

313 1043 492 1124 durescat
508 1047 719 1134 articulus,
748 1059 788 1119 et
811 1041 894 1144 ipse
918 1047 987 1138 ille
1008 1028 1152 1122 nrncro
1175 1045 1324 1144 ingenii

264 1197 301 1252 ιγ
319 1160 552 1263 quotidiana
570 1185 705 1262 pugna
729 1158 978 1236 retundatur.
1037 1159 1115 1236 Sed
1138 1153 1324 1259 quemad·

317 1276 486 1355 modum
500 1272 724 1352 forenfibus
739 1275 1020 1350 certaminibus
1037 1275 1280 1363 exercitatos,
1289 1288 1324 1348 et

317 1388 430 1492 quati
452 1391 665 1468 militantes
688 1387 819 1465 reficit
842 1413 886 1462 ac
912 1405 1066 1490 reparat
1091 1389 1190 1464 haec
1217 1391 1325 1464 velut

317 1506 450 1606 sagina
480 1503 660 1581 dicendi:
690 1503 745 1579 fic
780 1502 1043 1580 adolescentes
1071 1529 1159 1580 uon
1185 1504 1325 1580 debent

257 1702 260 1711 ,
318 1622 495 1698 nimium
517 1621 562 1695 in
584 1617 678 1694 falsa
700 1642 835 1696 rerum
859 1621 1033 1720 imagine
1059 1619 1251 1708 detineri,
1290 1633 1325 1692 et

319 1736 506 1812 inanibus
530 1733 771 1824 simulacris,
799 1731 929 1833 usque
954 1733 1074 1823 adeo,
1102 1751 1151 1810 ut
1173 1733 1325 1813 difficile

215 1897 219 1912 ι
321 1851 370 1926 ab
398 1850 462 1926 his
489 1845 677 1950 digrell'os
694 1847 744 1925 fit
757 1845 1085 1938 assuefacerene
1107 1850 1156 1924 ab
1177 1851 1258 1937 illa,
1285 1849 1326 1924 iu

116 1955 123 1964 ⁸
284 2037 289 2050 ,
322 1990 400 2066 qua
425 1971 551 2066 'prope
576 1961 868 2054 consenuerint,
894 1964 1048 2053 umbra,
1076 1988 1173 2039 vera
1197 1965 1328 2041 discri-

320 2083 452 2172 mina,
496 2081 610 2158 velut
632 2079 832 2181 quendam
869 2077 1015 2170 sotem,
1057 2077 1324 2159 reformident.

313 2349 315 2357 ’
392 2345 441 2404 ιθ.
462 2345 610 2402 deteratur.
635 2345 736 2404 Turio.
757 2345 837 2405 Flor.
865 2349 893 2416 (a
909 2366 954 2424 pr.
971 2366 1011 2404 m.
1027 2345 1169 2426 uterque)
1191 2349 1327 2406 doceretur.

326 2429 423 2487 Guelt.
452 2431 630 2486 deterreatur.
798 2433 965 2509 quotidiana
987 2453 1091 2508 pugne.
1123 2435 1227 2490 Turio.
1257 2431 1328 2488 Flor.

327 2513 392 2585 (liic
414 2511 527 2590 duplici
553 2515 595 2589 T)
632 2517 775 2572 cotidiano
796 2519 855 2572 alla
876 2539 904 2591 p.
943 2515 998 2574 Ille
1021 2537 1036 2572 t
1058 2519 1110 2575 lec.
1130 2537 1175 2576 m.
1204 2515 1329 2574 cotidiani

327 2620 355 2656 a.
369 2619 398 2672 p.
420 2597 470 2654 hic
491 2598 630 2655 nostrum.
656 2601 702 2656 Ex
717 2599 794 2658 ntm.
821 2603 957 2682 Quotidie
978 2603 1038 2658 alie
1058 2624 1087 2677 p.
1119 2604 1219 2660 Etiam
1236 2603 1327 2676 emp·

326 2699 381 2757 per
403 2701 451 2738 cc.
1091 2684 1104 2698 ’
1137 2675 1140 2697 ¹

393 2783 442 2836 ιγ.
472 2769 645 2826 exercitatos.
682 2769 782 2846 Turio.
818 2768 897 2826 Flor.
934 2769 1030 2826 Guell.
1064 2771 1166 2846 camp.
1206 2773 1329 2829 excitatos

328 2869 396 2910 curn
407 2850 486 2906 alm.
652 2865 681 2909 et
696 2851 783 2930 quast.
806 2853 907 2910 Turic-
930 2870 958 2910 et
971 2873 1047 2931 quus,
1071 2875 1087 2908 e
1103 2853 1154 2910 sec.
1173 2877 1213 2912 m.
1233 2872 1319 2934 equos.

387 2933 431 3012 fit
445 2932 630 3011 adolescentes
644 2967 685 2982 -
697 2927 811 2992 ninaiutn
829 2939 857 2991 in
867 2935 956 3015 falsa.
980 2939 1082 2994 Turio.
1103 2938 1293 3017 recalescentes
1304 2933 1326 3010 f.

327 3020 408 3080 Flor.
438 3023 467 3089 (a
488 3040 534 3096 pr.
561 3021 617 3092 an.)
641 3019 838 3098 [recalescentes
852 3021 881 3094 j
909 3043 976 3078 curn
1000 3021 1075 3077 ttm.
1102 3023 1158 3078 sed
1180 3028 1277 3102 Cemp·
1303 3023 1328 3074 1'8

329 3104 452 3161 omittit.
637 3101 767 3180 difficile.
786 3107 887 3162 Turio.
910 3107 989 3164 Flor.
1011 3101 1158 3182 difficilius
1179 3129 1244 3166 curn
1257 3105 1327 3163 alm.

327 3184 455 3264 difficilis
469 3185 566 3244 Guell.
582 3187 681 3266 camp.
696 3189 786 3246 Goth·
801 3190 876 3250 Jent.
892 3190 961 3264 (tec.
976 3191 1076 3263 oen.)
1092 3209 1160 3248 curn
1179 3193 1256 3254 Voll.
1268 3208 1292 3246 α.
1302 3201 1329 3256 5·

330 3287 360 3328 et
383 3271 448 3328 edd.
469 3287 534 3327 ente
559 3273 673 3348 Gryph.
695 3293 756 3330 exc.
779 3274 846 3328 Bed.
870 3278 972 3348 eujus,
1007 3293 1185 3351 quemquem
1207 3269 1326 3336 necnee,

328 3354 422 3414 nostra
444 3355 582 3431 [criptura
604 3358 724 3414 videtur
744 3359 798 3414 elle
820 3361 995 3414 emendatio.
1038 3361 1085 3414 Au
1102 3359 1162 3420 luit
1177 3360 1326 3434 antiquitus
1348 3355 1351 3362 '

329 3433 449 3514 difficile
470 3441 504 3492 ils
522 3438 680 3517 digreffoti
874 3440 1018 3520 digreffoe.
1047 3443 1147 3501 Turio.
1175 3455 1205 3516 (a
1220 3463 1262 3520 pr.
1277 3440 1326 3507 m.)

327 3521 407 3580 Flor.
436 3521 533 3579 Guetf.
561 3525 660 3600 Cemp.
684 3526 774 3582 Goth.
797 3529 871 3587 Jenl.
893 3532 961 3598 (tac.
982 3527 1080 3596 Gela.)
1109 3528 1241 3607 digreffns
1266 3541 1327 3582 curu

326 3605 406 3666 Voss'.
422 3620 450 3664 2.
468 3619 497 3674 5.
520 3623 549 3662 et
571 3608 635 3665 edd.
658 3626 724 3666 ente
741 3612 855 3688 Gryph.
878 3631 939 3669 exc.
955 3612 1024 3668 But.
1046 3611 1124 3668 Mox
1144 3613 1226 3670 Belil.
1248 3607 1327 3688 affre·

321 3688 392 3766 fleri
420 3691 641 3764 exconjectura
664 3693 826 3754 Phileudri.
1024 3693 1220 3773 consenuerint.
1252 3693 1326 3752 Flor-

372 3926 421 3986 ιθ.
434 3925 561 4002 durescat
576 3929 714 3988 articulus.
725 3933 813 3990 Recte
856 3931 976 3992 tissimee
1006 3931 1225 3994 similitudines.
1250 3923 1327 3988 ”¹¹¹⁸

324 4027 495 4088 comparent
522 4013 635 4069 mollem
666 4017 812 4073 articulum
858 4035 905 4084 an,
931 4037 978 4082 ro.
1005 4029 1051 4088 ¹5·
1076 4037 1106 4076 et
1122 4020 1198 4096 apud
1217 4015 1325 4074 Cloew·

325 4107 353 4156 2.
380 4111 428 4160 ια.
452 4110 480 4152 e.
852 4121 937 4166 nem.
961 4102 1017 4160 ubi
1037 4103 1109 4162 vtae
1129 4101 1275 4160 menum
1295 4094 1324 4152 lt

369 4191 417 4246 ιγ.
439 4179 591 4238 ambra-
601 4178 712 4257 solen·
744 4185 810 4242 No·
852 4184 952 4248 Chre.
