2940 4788
321 362 398 448 ιιι
552 361 609 434 m.
644 365 747 436 aaa.
783 363 1099 460 qmmmnm

321 549 525 641 reddatur,
554 577 607 626 ne
630 555 721 650 quis
742 577 817 630 nos
838 568 907 630 aut
927 554 1151 654 petulantes
1181 553 1226 630 in
1254 554 1333 628 lae-
1412 649 1417 658 f

322 666 465 743 dandis
490 669 562 757 eis,
591 669 800 742 autetiam
825 666 1053 745 ambitiosos
1073 681 1197 768 putet.
1257 674 1332 744 Ite·

264 823 266 832 ι
321 807 403 881 que
417 783 572 872 Cicero,
598 807 830 883 quanquam
855 785 936 860 e'rat
952 785 997 859 in
1013 785 1169 861 Cottam
1186 781 1333 883 gravis·
1353 863 1359 874 ¹

319 895 418 974 lime
433 897 625 986 dicturus,
651 923 785 998 neque
805 900 920 978 aliter
948 900 1012 1000 agi
1025 904 1065 974 P.
1085 901 1208 1002 Oppii
1221 897 1333 974 caula

319 1028 493 1116 poterat,
539 1015 657 1117 longa
687 1029 820 1090 tamen
852 1011 1097 1118 praefatione
1133 1013 1334 1090 excusavit

264 1139 304 1211 68
321 1125 442 1204 officii
463 1127 525 1204 sui
547 1128 814 1206 neceffitatem.
855 1129 1101 1230 ,Aliquando
1128 1117 1247 1206 etiam
1269 1132 1333 1204 in-

318 1239 547 1334 ferioribus,
574 1247 871 1348 praecipueque
895 1243 1216 1334 adolescentulis,
1243 1269 1332 1347 par-

319 1383 407 1434 cere
435 1376 503 1436 aut
526 1360 679 1436 mederi
703 1361 826 1436 decet.
884 1362 1021 1436 Utitur
1051 1361 1124 1436 hac
1149 1359 1332 1438 moderas

316 1477 428 1552 tione
442 1476 446 1489 “
459 1477 600 1554 Cicero
640 1501 717 1578 pro
740 1478 882 1554 Coelio
924 1491 1061 1554 cenna
1090 1479 1330 1566 Atratinum,

313 1719 431 1778 pretor,
461 1720 496 1763 ut
512 1705 644 1762 voluerit
664 1705 706 1770 ie,
729 1705 782 1781 qni
804 1704 863 1762 hee
885 1703 981 1768 daret,
1001 1723 1068 1762 eum
1091 1705 1197 1778 patrie.
1217 1705 1329 1770 matria,

312 1789 551 1864 propinquorum
569 1791 707 1866 dignitati
723 1789 836 1865 aliquid
851 1791 1015 1844 concellum
1031 1789 1106 1850 ellat,
1129 1792 1194 1845 aliis
1210 1809 1329 1866 quoque

314 1873 507 1946 dignitatibue
529 1875 673 1950 quendam
693 1877 839 1931 honorem
868 1873 980 1930 haberi.
1031 1873 1087 1929 Sed
1112 1873 1251 1952 displicet
1279 1873 1329 1932 vel

312 1975 434 2033 propter
448 1958 478 2013 id
495 1959 576 2035 quod
592 1961 683 2016 modo
705 1976 766 2016 erat
787 1959 875 2024 ..aliis
894 1959 1074 2034 propinqq.“

377 2047 424 2100 eis.
459 2045 507 2100 ste
532 2045 632 2103 Turio.
655 2045 734 2102 Flor.
762 2043 862 2120 Cemp.
890 2046 925 2100 ι’ἰι
953 2043 1055 2098 Ambe.
1080 2059 1107 2100 α.
1138 2045 1229 2100 Goth.
1252 2045 1326 2106 Jenl.

313 2134 380 2199 (tae.
406 2130 503 2199 Gein.)
527 2146 555 2185 et
579 2131 643 2187 edd.
667 2147 732 2185 ante
756 2130 839 2184 Bafil.
864 2127 984 2202 Reliqui
1003 2127 1054 2184 lis.
1078 2127 1114 2186 ef.
1135 2149 1191 2193 ro,
1216 2146 1250 2191 r.
1277 2151 1326 2184 ιι.

313 2215 409 2270 Modo
424 2227 456 2268 ut
487 2217 643 2287 petulemes
661 2214 760 2270 Turio.
785 2213 865 2270 Flor.
886 2211 952 2281 (hie
969 2233 985 2266 a
1003 2231 1047 2286 pr.
1061 2215 1116 2284 m.)
1139 2233 1206 2270 eum
1225 2213 1303 2270 alm.

378 2299 428 2366 63.
451 2300 562 2354 mederi.
585 2300 686 2355 Turio.
711 2297 789 2352 Flor.
807 2296 910 2354 Ambr.
931 2309 960 2354 Ω.
991 2296 1089 2353 Guell.
1112 2301 1184 2354 Exo.
1207 2303 1323 2358 emeca.

312 2385 415 2456 camp.
446 2401 512 2437 cum
537 2381 616 2440 Voll.
644 2403 670 2438 ι.
697 2397 723 2438 2.
746 2395 776 2449 5.
805 2382 896 2440 Goth.
917 2383 1016 2438 videri.
1053 2384 1088 2437 In
1109 2385 1183 2442 Jenl.
1204 2385 1262 2456 jam
1286 2383 1325 2440 est

310 2467 442 2541 nostrum
467 2467 517 2535 (ol.
537 2483 565 2538 9,
588 2481 617 2532 5,
641 2467 715 2536 68·)‚
738 2465 818 2540 quod
839 2467 871 2520 in
892 2465 975 2522 nullo
997 2465 1132 2538 equidem
1153 2467 1226 2524 eod.
1240 2487 1324 2544 repe·

221 2593 224 2600 ,
308 2552 368 2606 riri
380 2551 477 2609 eredo.
498 2552 545 2606 Διι
560 2551 655 2626 alique
671 2553 838 2623 conjectura
850 2550 1002 2607 invectum
1016 2551 1061 2613 fit.
1076 2549 1206 2608 dubitari
1222 2551 1323 2628 potest.

237 2666 243 2680 ·
308 2635 415 2709 Neque
441 2653 537 2695 tamen
561 2633 730 2691 difficultate
754 2650 839 2697 erret,
860 2655 927 2690 eum
949 2637 1002 2690 rix
1019 2634 1105 2709 poffit
1131 2637 1325 2693 demonstrari

308 2718 403 2782 loeue.
426 2721 479 2777 ubi
506 2721 544 2776 lie
566 2721 681 2777 dicetur
698 2720 807 2794 eliquia
829 2721 933 2776 mederi
954 2719 1073 2775 homini
1097 2713 1171 2802 (non
1193 2723 1248 2794 rei)
1267 2739 1322 2796 pro

308 2807 441 2878 eoquod
461 2805 509 2868 est,
531 2805 688 2880 corrigere.
711 2825 841 2878 monere,
866 2804 1036 2868 emendaret
1059 2805 1114 2859 nifi
1133 2806 1211 2860 forte
1235 2803 1322 2861 intel·

194 2905 200 2916 ·
306 2887 412 2963 ligitur
432 2890 586 2952 medicina.
610 2910 683 2966 quae
702 2906 820 2965 paretur
839 2889 977 2946 leniendo
996 2887 1096 2946 dolori
1119 2909 1156 2945 ex
1169 2889 1323 2946 macellaria

306 2975 530 3049 reprehensione
547 2991 622 3032 orto.
645 2976 729 3030 Hane
744 2975 822 3030 euim
839 2973 976 3048 Gedoyni
990 2974 1134 3030 rationem
1151 2975 1206 3030 elle
1220 2974 1321 3038 rideo.

306 3059 360 3132 qui
384 3059 475 3136 longo
499 3060 562 3115 [ene
589 3059 719 3116 rniraetu
741 3058 902 3114 verborum
924 3058 1025 3114 brevia
1047 3057 1119 3114 haee
1147 3075 1176 3114 et
1196 3059 1321 3132 praecise

304 3142 412 3202 reddit.
456 3145 517 3222 Ipse
534 3143 629 3202 codd.
644 3143 785 3220 [criptura
806 3141 863 3199 lert
876 3143 1149 3220 interpretationem
1170 3144 1236 3199 [atie
1250 3161 1321 3220 pro·

302 3329 733 3408 magistratibue.principibue.
751 3330 789 3388 ef.
833 3326 1000 3403 exemplum
1014 3327 1223 3401 ponitur‚eum
1239 3345 1323 3386 antee

303 3429 333 3485 7,
359 3436 384 3480 ι,
405 3431 455 3486 32.
586 3415 589 3422 ’
833 3414 944 3468 dietum
960 3412 1049 3468 inerit
1075 3414 1110 3468 de
1132 3413 1321 3488 inferioribus,

345 3505 373 3556 ιἰι
390 3503 501 3559 Cottam
522 3497 680 3578 greviffime
700 3497 789 3556 dietu-
831 3498 887 3552 nili
907 3497 982 3552 lorte
998 3495 1022 3550 ii
1042 3497 1142 3554 addito
1165 3497 1222 3555 illo
1239 3517 1321 3572 prae·

299 3607 355 3645 rer.
378 3585 413 3642 of.
431 3598 467 3654 5,
492 3597 539 3654 ιε,
564 3605 613 3646 ιο.
830 3585 909 3655 cipue
921 3577 1180 3655 adolescentulisad
1195 3597 1322 3638 aetatem

343 3671 392 3741 63.
417 3671 528 3726 mederi.
552 3673 587 3730 el.
606 3687 667 3728 not.
684 3671 748 3728 erit.
829 3663 919 3723 lolem
956 3665 1164 3740 astringuntur.
1214 3668 1322 3722 Fateor

339 3777 391 3828 pro
403 3755 508 3812 Coelio.
517 3759 572 3820 „ln
586 3759 647 3832 ipso
663 3758 786 3813 exordio
830 3767 927 3807 tamen
939 3748 1081 3806 libentiue
1092 3771 1139 3806 me
1155 3753 1319 3806 cariturum

297 3839 506 3915 „aliquoties-‘¹
523 3842 672 3905 Gesnerur.
684 3843 788 3898 Gotrtra
829 3836 889 3891 illie
904 3851 931 3891 et
943 3834 1053 3896 nubilis.
1072 3855 1138 3892 eum
1147 3835 1319 3911 praesertim

296 3929 456 3980 Atratinum
480 3923 530 3980 hie
551 3941 629 3982 reete
650 3924 711 3980 diei
732 3927 786 3981 du·
829 3918 939 3996 duplex
974 3931 1004 3976 et
1033 3921 1127 3995 magia
1162 3933 1318 3992 congruat,

296 4007 372 4072 bito,
395 4026 425 4066 et
438 4009 540 4066 malim
558 4013 629 4065 etna
644 4011 678 4064 A.
704 4009 740 4066 ef.
757 4009 784 4072 6,
829 4023 925 4079 qaum,
939 4018 972 4059 ut
988 4023 1067 4061 nuno
1081 4003 1126 4065 ell.
1140 4003 1260 4080 triplex.
1283 4006 1318 4057 ln

299 4111 332 4155 ¹·
355 4107 405 4160 er.
452 4097 526 4151 Mox
547 4091 785 4170 Ροιοῆιὶίιιιιιιιι
827 4087 961 4164 Sulpicio
989 4108 1062 4145 mox
1096 4087 1135 4145 est
1172 4087 1316 4148 nobilitat.

295 4176 410 4243 videri,
432 4179 512 4258 quod
533 4178 636 4236 nobilis
658 4174 783 4251 alicuju·
826 4173 871 4232 Gi.
884 4187 947 4232 ιιοῑ.
963 4174 1028 4232 erte.
