2898 4790
308 395 381 469 332
544 377 603 450 M.
627 379 732 452 raa
761 374 1076 473 ommam

305 587 394 648 tum
423 571 469 644 in
498 568 641 642 animis
666 568 822 658 valent3
858 591 951 644 cum
973 571 1149 669 pictura,
1185 581 1324 643 tacens

306 713 427 786 opus,
457 699 497 760 et
513 683 674 758 habitus
692 681 845 782 semper
861 683 1063 777 ejusdem,
1090 681 1145 758 lic
1162 683 1207 756 in
1220 683 1321 756 inti·

304 826 394 879 mos
410 813 591 900 penetret
614 791 797 886 affectus,
830 813 878 874 ut
900 798 1027 902 ipsam
1044 800 1130 874 vim
1152 796 1383 877 dicendinon

304 939 600 1014 nonnunquam
630 910 814 1012 superare
849 913 1045 990 videatur.
1103 915 1258 1007 Contra
1284 909 1322 986 sa

304 1030 435 1132 gestus
448 1054 491 1104 ac
508 1029 647 1105 vultus
664 1029 712 1102 ab
729 1029 910 1104 oratione
926 1027 1162 1117 dilsentiant,
1188 1025 1318 1102 tristia

300 1146 484 1222 dicamus
508 1145 674 1232 hilares,
711 1141 954 1220 affirmemus
983 1145 1116 1245 aliqua
1136 1167 1318 1220 renuen-

303 1277 382 1338 tes:
422 1285 508 1337 non
531 1260 743 1336 auctoritas
769 1257 893 1336 modo
920 1261 1074 1349 verbis,
1106 1259 1318 1350 sedetiam
1348 1281 1353 1290 ·

303 1373 408 1452 fides
442 1371 552 1450 desit.
620 1377 755 1451 Decor
782 1398 946 1474 quoque
973 1401 995 1449 a
1017 1375 1129 1476 gestu
1153 1391 1273 1474 atque
1295 1397 1320 1446 a

245 1507 289 1580 ⁶8
306 1507 423 1568 motu
452 1490 574 1564 venit
641 1481 817 1589 Ideoque
848 1489 1139 1567 Demosthenes
1165 1487 1320 1591 grande

300 1605 507 1706 quoddam
525 1605 687 1682 intuens
700 1603 918 1706 speculum,
933 1631 1175 1708 componere
1189 1606 1316 1686 actio·

301 1747 398 1800 nem
414 1719 573 1797 solebat.
619 1719 751 1810 Adeo,
774 1723 957 1818 quamvis
972 1721 1110 1823 fulgor
1126 1723 1196 1796 ille
1216 1718 1317 1795 sini-¹

302 1835 398 1914 stras
420 1837 613 1937 imagines
626 1836 777 1924 reddat,
807 1837 893 1914 suis
905 1835 1070 1913 demum
1085 1839 1214 1914 oculis
1227 1859 1313 1912 cre·
1423 1929 1424 1946 ἶ

300 1953 425 2043 didit,
462 1951 576 2051 quod
600 1949 788 2028 efficeret
847 1955 1113 2058 Praecipuum
1140 1953 1311 2049 veroin

298 2060 484 2158 actione*
495 2064 596 2144 sicut
608 2069 654 2144 in
671 2092 840 2172 corpore
856 2065 956 2168 ipso,
988 2084 1107 2170 caput
1124 2064 1192 2157 est,
1216 2091 1310 2144 cum

297 2183 348 2260 ad
370 2185 509 2273 illum,
538 2182 697 2284 dequo
713 2183 817 2275 dixi,
846 2183 1055 2276 decorem,
1082 2199 1172 2261 tum
1187 2185 1309 2258 etiam
1423 2207 1424 2218 ¹

295 2415 377 2474 Flor.
394 2413 495 2489 camp.
511 2417 541 2468 in
553 2415 649 2470 lubitu
662 2433 719 2490 pro
733 2417 845 2474 stabitur
859 2436 926 2474 omn
932 2418 1029 2484 Alme
1050 2434 1079 2476 et
1092 2419 1192 2496 Camp.
1210 2417 1307 2474 eodem

296 2517 427 2575 quoque.
458 2501 487 2552 in
514 2515 579 2555 ante
605 2503 717 2556 intimos
738 2503 880 2559 omittunt
900 2505 990 2567 Goth.
1015 2505 1091 2566 Jens.
1116 2508 1185 2571 (uc.
1208 2503 1305 2570 eeu.)

296 2586 398 2657 camp.
413 2602 480 2638 cum
496 2579 572 2642 vall
589 2584 667 2644 Vols.
680 2599 709 2653 5.
726 2587 810 2644 Colb.
828 2589 915 2646 Tarr.
930 2590 966 2643 ab
982 2603 1094 2646 oratore
1109 2589 1210 2644 Turio.
1225 2585 1304 2642 Flor.

295 2667 396 2741 camp.
417 2687 485 2723 cum
505 2667 583 2724 Alm.
599 2669 689 2726 Goth.
706 2671 756 2740 (cs.
771 2671 845 2745 65.).
867 2673 922 2728 Sed
936 2674 1036 2730 Turio.
1060 2672 1138 2729 Flor.
1156 2673 1259 2730 Ambr.
1275 2685 1304 2726 a.

294 2747 440 2828 dissentiat
452 2751 534 2826 (cum
550 2753 628 2810 Vols.
646 2777 673 2812 ι.
688 2759 743 2826 5.).
764 2757 856 2812 iidem
869 2774 984 2834 praeter
1003 2760 1104 2833 camp.
1125 2759 1192 2833 (qui
1211 2757 1302 2812 modo

294 2854 344 2895 out
364 2857 419 2912 pro
444 2841 491 2904 ac)
515 2833 637 2912 tristitia.
681 2843 756 2896 Mox
776 2857 840 2897 aute
858 2857 935 2898 motu
950 2844 1195 2920 praepositionem
1215 2843 1302 2900 omit·

293 2938 361 2978 tunt
374 2920 563 2981 Turiaslor.
577 2925 718 2984 Ambra.
739 2925 851 2990 (inulla
871 2927 1064 2984 inserentibus
1083 2931 1185 2983 Burm.
1202 2947 1302 2984 accen·

292 3007 334 3062 set
356 3007 431 3063 Alm.
455 3008 537 3082 quod
558 3009 662 3064 miror.
705 3012 789 3085 Ego,
813 3012 947 3084 quemvis
970 3013 1121 3087 operosior
1135 3011 1187 3068 hic
1203 3009 1301 3070 videri

292 3091 381 3167 poffit
392 3091 528 3166 repetitio
545 3095 777 3168 praepolitionis.
794 3096 918 3150 summae
932 3097 1112 3153 auctoritatis
1127 3097 1209 3154 tester
1221 3095 1302 3174 sequi
1422 3099 1423 3116 ¹

291 3189 355 3230 non
371 3175 480 3239 audeo,
504 3195 572 3231 cunr
594 3192 678 3252 atque
699 3195 819 3254 propter
836 3181 1001 3255 sequentem
1022 3181 1156 3238 vocalem
1171 3184 1299 3258 politum

290 3258 447 3314 videatur:
475 3260 512 3316 cl.
530 3279 559 3335 9.
577 3271 605 3330 a,
624 3275 693 3332 ¹37·

272 3393 276 3399 ·
356 3375 406 3444 68.
427 3377 578 3452 quoddam.
602 3379 701 3440 Turio.
711 3382 783 3438 huic
799 3384 869 3440 voci
884 3385 1046 3460 praemittit
1055 3388 1183 3444 condam.
1200 3388 1299 3462 Camp.

290 3478 348 3536 pro
372 3461 471 3514 eadem
495 3483 612 3538 quoquae·
648 3469 706 3521 Pro
726 3467 827 3542 fulgor
847 3469 925 3524 Flor.
948 3471 1050 3543 vulgar
1070 3472 1127 3540 (cs.
1147 3475 1175 3534 6.
1191 3487 1220 3541 5,
1242 3479 1298 3547 9.).

290 3544 357 3598 Post
378 3545 426 3600 ttle
451 3545 580 3601 inserunt
602 3551 631 3600 iu
651 3552 754 3612 Ambr.
773 3569 800 3607 2.
828 3553 925 3608 Guels.
951 3573 1017 3608 cum
1036 3556 1110 3613 Jens.
1135 3558 1296 3634 etposterr.

291 3627 356 3684 edd.
373 3627 512 3683 anraAld.
526 3629 571 3684 sed
589 3635 686 3690 excusi
695 3635 743 3690 illi
758 3637 845 3692 etiam
863 3639 958 3693 redeat
973 3639 1104 3709 (deJenl'.
1121 3662 1178 3696 err.
1188 3643 1293 3712 Gelu.)-

289 3713 347 3765 Pro
369 3710 430 3788 ipso
448 3711 528 3768 Flor.
547 3714 613 3792 ipse.
723 3739 728 3756 ι

206 3923 213 3934 ’
331 3909 382 3978 67.
402 3917 459 3970 vim
467 3881 770 3994 dicendi-superare.
806 3923 960 4001 speculum.
984 3927 1051 3988 vid.
1066 3937 1181 4004 praeter
1197 3924 1295 3984 lauda·

287 3994 425 4054 Remirtit
478 4001 770 4064 Pseudo·Turnebua
814 4013 905 4066 tosrd
926 4033 972 4076 ro,
991 4027 1020 4080 5,
1039 4027 1087 4080 25.
1109 4010 1197 4084 Apul.
1209 4011 1293 4088 Apol.

286 4075 427 4133 lectorem
443 4083 478 4136 ad
494 4084 522 4147 6,
541 4105 565 4148 ι,
584 4101 633 4154 32.
811 4114 841 4169 p.
865 4109 916 4164 87.
938 4099 992 4156 Ed.
1010 4097 1119 4155 Genus.
1141 4109 1222 4169 383.
1245 4098 1294 4154 El·

332 4161 382 4232 68.
404 4163 599 4242 Demosthenes
614 4177 771 4248 grande-
810 4181 910 4240 moult.
969 4232 971 4240 .
