2940 4788
308 347 384 436 err
550 347 613 460 M:
631 287 734 424 ran.
760 347 1075 442 Qnmrrnram

307 533 525 626 huicloco,
554 536 667 637 quod
691 535 747 612 est
761 531 851 610 sane
878 532 1054 612 summae
1069 531 1321 624 difficultatis,

309 647 580 742 adjiciendum
602 653 775 740 videtur,
805 652 955 750 quibus
977 650 1110 728 modis
1131 675 1190 739 ea,
1218 673 1320 748 quae

308 762 401 840 sunt
428 782 567 843 natura
599 794 741 870 parum
774 763 986 868 speciosa„
1025 791 1208 868 quaeque
1235 789 1321 846 non

298 877 465 970 ¹dicere,
494 880 527 958 fi
544 885 781 958 utrumlibet
796 879 886 956 effer
900 881 1097 971 liberum,
1126 876 1323 955 maluiffe·

308 1019 420 1083 mus,
470 987 556 1074 non
587 1013 718 1076 temen
752 996 832 1072 finr
864 997 1054 1077 indecora
1084 996 1321 1073 dicentibus.

221 1125 225 1136 '
255 1127 292 1186 σι
312 1111 423 1215 Quid
444 1113 681 1216 asperiorem
707 1115 853 1188 habere
877 1110 1052 1190 frontem
1074 1109 1224 1212 potest'‚
1255 1125 1324 1187 aut

310 1225 412 1326 quid
436 1253 550 1304 aures
572 1230 787 1306 hominum
808 1228 932 1327 magis
957 1224 1170 1330 respuunt,
1201 1249 1323 1326 quam

310 1364 405 1417 eum
447 1341 502 1418 est
526 1341 636 1450 ‚filio
674 1343 806 1419 filiive
841 1342 1040 1420 advocatis
1076 1343 1123 1418 in
1155 1357 1324 1416 matrem

309 1457 612 1558 perorandum?
658 1457 887 1556 Aliquando
920 1473 1052 1535 tamen
1081 1453 1230 1533 neceffe
1255 1453 1323 1543 est,

309 1587 356 1648 ut
381 1574 424 1648 in
452 1572 563 1648 causa
581 1575 760 1652 Cluentii
782 1573 937 1649 Habiti:
966 1572 1035 1650 [ed
1057 1599 1142 1650 non
1168 1571 1324 1671 semper

307 1687 378 1762 illa
403 1689 487 1777 via,
523 1715 602 1788 qua
623 1705 760 1763 contra
787 1685 936 1764 Saffiam
961 1690 1102 1765 Cicero
1125 1685 1219 1764 usus
1246 1683 1323 1760 est:

307 1805 503 1904 nunquia
517 1831 601 1880 non
619 1805 689 1878 ille
704 1805 868 1906 optime,
894 1802 961 1878 sed
986 1805 1080 1901 quia
1096 1803 1324 1902 plurimum

253 1923 294 1984 62
308 1915 449 2007 refert,
461 1961 469 1980 ·
481 1945 558 2024 qua
576 1921 620 1994 in
635 1945 678 1994 re
699 1935 737 1994 et
754 1946 837 2018 quo
854 1917 978 1994 modo
992 1916 1130 1993 laedat.
1184 1922 1323 2014 Itaque

305 2033 396 2122 illa,
426 2060 519 2112 cum
540 2034 622 2110 filii
648 2050 767 2134 caput
787 2036 918 2136 palam
941 2035 1212 2134 impugnaret,
1237 2029 1323 2105 sor·

305 2147 400 2224 riter
421 2147 504 2226 fuit
523 2149 762 2253 repellenda.
820 2153 917 2227 Duo
942 2165 1085 2240 tamen,
1114 2173 1218 2250 quae
1239 2145 1341 2225 sola

375 2409 554 2487 difficultatis
569 2445 610 2460 -
625 2415 745 2494 effer-
761 2413 952 2492 muluiffemur.
979 2415 1079 2474 Turio.
1109 2411 1324 2492 dffcultas-

308 2495 362 2574 effe
380 2501 452 2566 (hoe
471 2518 537 2554 cum
553 2499 643 2565 Flet..
665 2521 769 2578 pum..
784 2502 883 2564 Goth..
900 2517 953 2558 tac·
971 2502 1064 2565 Gesn,
1081 2503 1196 2580 camp.)
1216 2531 1259 2544 -
1281 2503 1323 2556 ia·

305 2581 488 2658 valur'ffcmus.

359 2667 422 2724 161.
441 2667 547 2740 filiive.
569 2669 617 2724 Sic
635 2689 736 2731 omnen
757 2671 817 2728 mei
840 2687 869 2726 et
889 2671 989 2748 scripti
1013 2687 1042 2728 et
1064 2671 1159 2727 exeufi
1181 2671 1233 2740 (de
1246 2671 1323 2730 Jenf.

307 2767 361 2808 rac.
383 2751 482 2825 Gesn.)
515 2769 580 2809 ante
607 2755 693 2812 Leid.
724 2759 806 2830 eujus
829 2773 957 2811 errorem
984 2755 1093 2830 filiisva
1120 2769 1323 2830 propagarunt

307 2837 386 2893 Gibs.
406 2837 507 2894 Brrrm.
531 2839 653 2916 capper.
847 2839 953 2896 Habiti.
976 2841 1012 2896 ef.
1030 2849 1057 2906 4,
1081 2854 1110 2904 2,
1139 2839 1185 2895 16.
1209 2839 1322 2912 Aspim·

306 2922 463 2984 tionem-et
477 2925 501 2976 B
516 2921 641 2980 litteram
652 2943 759 2979 'omnen
775 2925 893 2997 quidem
915 2924 987 2981 libri
1003 2926 1080 2988 mem
1101 2938 1131 2979 et
1144 2921 1270 2979 Beckiua
1285 2923 1323 2978 ed
1341 2973 1349 2980 .
1364 2933 1368 2940 '

307 3006 370 3064 cie.
391 3009 472 3062 sumn
487 3008 666 3080 praefatione
681 3007 796 3064 testatur
811 3009 884 3064 Cod.
900 3031 932 3082 χ.
950 3011 982 3064 in
999 3027 1041 3064 or.
1057 3025 1112 3082 pro
1130 3007 1194 3062 Clu.
1210 3009 1323 3082 semper

308 3091 444 3145 Habitum
461 3092 545 3154 dare:
568 3094 639 3148 item
655 3091 690 3147 ad
707 3092 834 3148 frontem
851 3094 993 3149 orationis
1006 3093 1093 3166 ipsius
1113 3091 1182 3148 Vol.
1198 3105 1226 3159 5.
1241 3110 1271 3165 p.
1294 3103 1322 3160 5.

308 3174 363 3229 ubi
373 3177 496 3248 suspicor
511 3176 625 3235 nullum
641 3177 713 3233 cod.
731 3177 894 3237 inventum,
912 3179 964 3254 qui
978 3179 1099 3233 Auitum.
1121 3175 1210 3231 Nihil
1232 3193 1324 3250 agunt

308 3258 461 3316 Manutius
479 3262 680 3318 etLambinua
700 3261 864 3318 adLucret.
886 3281 913 3336 p.
936 3277 1004 3334 179.
1028 3279 1094 3316 cum
1117 3259 1270 3316 videamus
1288 3260 1324 3318 in

204 3353 207 3361 '
298 3343 411 3398 'Inscrn
436 3343 570 3400 Habitum
593 3365 622 3420 p.
646 3347 729 3402 Grut.
754 3355 823 3418 295.
854 3365 913 3421 quo
943 3361 972 3400 et
991 3345 1132 3401 Graevius
1162 3337 1257 3400 utitur
1285 3347 1324 3402 ed

306 3427 437 3482 nostrum
453 3427 486 3483 in
501 3429 561 3484 cic.
580 3431 729 3494 tuendum,
743 3443 772 3485 et
786 3431 914 3500 ejusdem
932 3430 1057 3503 originis
1071 3428 1191 3485 nomina
1204 3449 1232 3502 p.
1248 3427 1322 3499 678,

218 3569 220 3574 ,
310 3524 359 3579 ιδ.
381 3513 556 3576 Haben‘dum,
578 3535 606 3590 p.
628 3525 705 3584 782,
729 3529 757 3582 δ’.
781 3514 943 3572 Habenaem.
969 3516 1140 3588 Quanquam
1156 3513 1237 3568 Auru·
1257 3515 1325 3570 sunt

305 3593 447 3670 plurimi,
477 3615 529 3654 nec
552 3619 634 3655 error·
658 3601 842 3673 infrequens,
878 3598 961 3655 velut
982 3599 1050 3653 Tae.
1072 3594 1176 3654 Amul.
1195 3617 1243 3660 rr,
1270 3609 1322 3666 35.

309 3694 358 3748 13,
373 3691 422 3750 54.
442 3686 517 3738 Mox
531 3683 654 3739 alterum
669 3705 776 3739 nomen
792 3683 864 3740 libri
878 3684 938 3738 mei
953 3681 1078 3748 simplici
1093 3685 1112 3736 8
1126 3682 1196 3736 dant
1209 3681 1324 3757 Sasiam

306 3781 372 3824 ante
398 3767 511 3844 Gryph.
545 3775 641 3842 1544,
684 3769 740 3826 nisi
769 3769 850 3846 quod
872 3769 973 3826 Turio.
1001 3765 1081 3842 nullp
1111 3767 1239 3828 mentio.
1284 3765 1323 3824 ef.

296 3847 344 3922 ’4,
370 3867 399 3918 2,
426 3865 495 3922 ¹05·

291 4095 297 4111 ·
351 4071 400 4128 firi.
413 4073 640 4151 *usperiorem-
649 4075 787 4151 frontem.
872 4072 921 4128 62.
944 4069 1057 4134 laedae.
1085 4071 1265 4138 matetffla,
1288 4072 1323 4132 iu

306 4156 341 4214 ef.
358 4168 389 4226 4,
413 4179 438 4224 r,
462 4169 513 4232 42.
536 4157 704 4236 1ιίοῇκὸᾗῖ
739 4190 744 4200 ·
831 4175 918 4234 quam
936 4155 1070 4213 diehnua.
