2808 4784
292 385 367 460 ιο..
534 366 591 439 Μ.
620 365 722 438 aaa.
749 367 1081 462 oumnmaut

201 573 209 586 ”
291 563 395 639 bene
440 558 622 658 concepti
660 551 824 634 affectus
870 573 910 634 et
953 575 1130 638 recentes
1170 561 1299 642 rerum

291 678 483 778 imagines
518 673 714 749 continuo
752 675 907 774 impetu
940 671 1146 765 feruntur,
1204 703 1300 776 quae

291 789 587 892 nonnunquam
604 813 718 865 mora
734 786 813 863 stili
828 783 1148 889 refrigescente
1163 792 1298 868 dilatae

291 935 374 987 non
406 919 674 982 revertuntur.
732 906 883 1004 Utique
913 931 1011 983 vero
1036 933 1130 998 cum
1166 907 1299 984 infelix

249 1059 253 1073 ·
291 1025 362 1101 illa
382 1022 601 1098 verboium
626 1021 825 1096 cavillatio
847 1017 1004 1110 accellit,
1030 1038 1070 1096 et
1092 1022 1229 1099 cursus
1253 1022 1299 1098 ad

282 1139 448 1242 'lingula
474 1135 638 1236 vestigia
658 1131 809 1224 restitit,
837 1159 920 1211 non
944 1135 1193 1238 potest-ferri
1212 1163 1300 1216 con·

294 1271 397 1334 torta
422 1255 499 1340 vie,
529 1249 615 1339 led,
641 1267 688 1324 ut
716 1253 867 1350 optime
887 1277 1034 1326 vocum
1058 1250 1299 1354 lingularum

295 1371 407 1450 cedat
421 1369 577 1464 electio,
602 1391 686 1441 non
698 1368 904 1458 continua,
924 1364 991 1443 sed
1007 1367 1223 1469 composita
1238 1368 1296 1442 est.

239 1513 276 1572 ιε
294 1493 425 1593 Quare
449 1479 661 1583 capiendae
690 1477 919 1571 sominae,
961 1481 1010 1558 de
1034 1485 1185 1583 quibus
1210 1483 1298 1572 dixi,

293 1627 430 1678 rerum
461 1599 674 1697 imagines,
713 1621 811 1696 quas
846 1601 982 1674 vocari
1012 1607 1215 1700 φαντασίας
1241 1601 1298 1675 in·

184 1786 187 1804 ,
295 1717 537 1802 dicavimus,
581 1713 816 1812 omniaque,
857 1711 908 1804 de
952 1716 1103 1814 quibus
1156 1715 1297 1790 dicturi

294 1815 470 1921 erimtiS,
500 1821 710 1938 personae,
738 1821 1000 1933 (Inaestiones,
1026 1825 1144 1941 spes,
1172 1847 1297 1918 metas,

148 2019 155 2026 .
227 1964 244 2030 s
292 1945 476 2024 habenda
508 1947 553 2019 in
583 1944 733 2031 oculis,
790 1944 835 2018 in
868 1939 1028 2022 affectus
1063 1945 1295 2049 recipienda.

291 2071 444 2140 Pectus·
458 2057 516 2144 est
539 2061 671 2150 enim,
706 2057 818 2158 quod
840 2057 1005 2137 disertos
1031 2059 1146 2149 facit,
1181 2077 1218 2136 et
1241 2061 1296 2136 vis

291 2171 447 2264 mentis.
507 2175 683 2273 Ideoque
708 2175 903 2286 impetitis
926 2201 1103 2276 quoque,
1133 2173 1295 2252 fimodo

156 2285 167 2300 ’
290 2295 384 2372 sunt
431 2291 567 2388 aliquo
619 2283 763 2363 affectu
811 2292 1014 2379 concitati,
1052 2293 1195 2384 verba
1218 2315 1296 2367 non

291 2491 411 2570 quentia
424 2509 478 2565 per
494 2484 721 2562 extemporalem
737 2471 880 2563 impemln
904 2489 964 2544 lule
978 2489 1041 2566 sant,
1063 2491 1210 2549 divinitae
1226 2492 1296 2548 tien

289 2577 494 2655 perhibentur.
667 2571 782 2646 affectus
804 2585 839 2628 et.
872 2573 973 2630 Turio.
1001 2574 1133 2650 adfectet.
1164 2599 1180 2632 ι
1194 2579 1243 2632 lec.
1258 2596 1296 2632 m·

290 2661 411 2736 (relicto
426 2657 519 2714 etiam·
528 2655 618 2712 modo
641 2663 788 2731 concepto)
808 2658 913 2733 affectu
927 2659 974 2719 ad.
1151 2683 1220 2738 quae
1234 2681 1296 2718 aon·

289 2759 430 2819 nunqnam
449 2763 536 2800 mora.
564 2741 664 2796 Turio.
687 2740 765 2798 Fler.
794 2739 858 2816 (hic
884 2762 963 2817 apr.
986 2747 1041 2812 m.)
1070 2747 1213 2802 omittunt
1232 2763 1294 2802 cum

288 2829 369 2886 Alm.
434 2887 439 2906 1
535 2821 645 2900 restitit.
668 2825 741 2888 Obr.
764 2822 874 2902 refistit.
895 2824 999 2884 Placet.
1021 2829 1057 2884 el.
1079 2847 1127 2895 ιο,
1152 2847 1181 2899 5,
1209 2849 1253 2906 ¹9·

348 2911 431 2989 ferri.
453 2909 554 2966 Turio.
578 2909 656 2966 Flor.
681 2909 744 2981 (sed
757 2909 808 2965 hie
822 2930 838 2964 ι
853 2913 904 2967 lec.
919 2929 959 2967 m.
982 2904 1014 2968 ai
1024 2911 1106 2984 ferri.
1131 2917 1211 2984 cl.,5.
1227 2918 1293 2970 inm

293 3019 349 3065 ιο,
378 3017 411 3061 ι.
440 2997 524 3068 ιος.)
547 2993 646 3052 euelt.
670 2995 743 3069 fieri
764 3013 832 3050 cum
848 2995 926 3052 lllm.
944 2972 1115 3071 succidens.
1145 3021 1212 3057 cum
1233 2997 1293 3055 edd.

285 3084 406 3160 pollere.
427 3095 496 3135 ante
507 3079 573 3137 illd.
681 3082 684 3094 “

295 3197 301 3206 ·
354 3179 398 3236 15.
422 3167 516 3244 Quare
531 3167 690 3240 capiendae.
705 3163 807 3220 Turio.
828 3169 858 3235 (ι
875 3185 919 3244 pr.
929 3157 1025 3246 m.).si
1038 3189 1094 3243 qua
1109 3190 1141 3223 re
1154 3166 1291 3246 capienda.

349 3251 535 3306 indicavimus.
560 3251 661 3326 camp.
684 3251 806 3318 diximus
826 3271 893 3306 cum
910 3251 995 3308 noel.
1017 3251 1110 3308 Andr.

347 3333 472 3410 affectos·
503 3333 599 3391 Gueli.
625 3333 780 3410 affectibus.
810 3335 912 3404 Turio,
941 3335 1070 3410 adfectis.

188 3419 192 3433 '
315 3435 318 3443 “
344 3417 413 3498 sunt
435 3419 539 3492 aliquo.
568 3421 669 3476 Turia.
693 3418 755 3494 sint
777 3419 838 3475 alio
864 3440 928 3497 quo.
958 3420 1037 3476 Floa·
1061 3417 1122 3498 fiat
1143 3443 1170 3476 a.

288 3612 292 3621 ¹
328 3590 435 3648 dilatae
450 3605 507 3646 non
523 3602 704 3647 revertuntur·
735 3587 772 3657 ei·
813 3589 863 3644 Et
886 3591 965 3646 enim
988 3602 1130 3646 contortus
1151 3592 1184 3646 in
1202 3587 1290 3644 lende.
1390 3583 1393 3598 '

213 3720 217 3732 .
288 3699 337 3744 10,
361 3691 390 3746 5.
406 3689 480 3731 extr.
550 3705 553 3714 .
815 3671 932 3730 Pnindt
962 3673 1087 3730 verbum
1113 3675 1182 3734 vide
1211 3673 1291 3732 ιιίιιι

231 3779 234 3784 “
328 3760 431 3838 infelix
476 3761 528 3816 illa
549 3789 591 3803 -
614 3759 772 3817 cavillatio.
814 3759 849 3814 ad
863 3777 900 3838 Ι9,
922 3768 950 3826 4,
978 3768 1024 3828 ¹8·

284 3849 321 3906 ei.
346 3867 394 3910 ιο,
416 3857 445 3914 5,
472 3864 519 3902 ιο.

323 3930 431 4006 restitit.
454 3931 489 3986 ei.
508 3927 651 3984 not-etit.
753 3963 757 3975 ·
864 3937 912 3996 ²⁵·
936 3927 972 3982 de
994 3929 1093 4002 quibes
1111 3927 1180 3984 dist.
1214 3923 1292 3992 cisa.

321 4017 541 4092 ferri'coatcm
558 4016 610 4070 vit.
634 4011 774 4068 Imitatur
815 4025 853 4081 ὅ.
891 4011 941 4084 64.
986 4015 1061 4068 Item
1089 4031 1145 4075 ιι.
1182 4024 1217 4080 5,
1244 4007 1290 4062 62.

222 4131 226 4136 ·
283 4087 460 4160 Ciceronem*
487 4099 521 4154 in
549 4115 585 4154 ee
608 4097 663 4171 qui
688 4097 772 4172 supra
819 4111 875 4160 ιι.
918 4115 974 4162 ιο.
1016 4097 1046 4154 6·
1089 4095 1291 4154 demonstrante

282 4185 394 4262 politae
419 4183 486 4264 elia*
508 4181 636 4257 leoe¹9t
659 4189 697 4248 at.
720 4189 770 4250 5⁵⁸
814 4179 951 4242 (teneo.
