2898 4790
330 308 404 480 cot
481 451 485 458 .
569 383 626 454 m
649 383 749 456 aaa.
778 374 1111 490 qu1u‘ruraur‘

270 596 309 657 80
326 576 481 651 ratione
509 569 796 661 demittuntur,
824 586 894 646 aut
921 571 1152 648 allevantur.
1211 571 1334 646 Nari-

323 693 399 766 bus
421 689 622 787 labrisque
651 713 736 765 non
769 686 853 765 fere
888 686 1109 786 quidquam
1143 685 1338 762 decenter·

280 863 284 872 .
324 803 591 892 ostendimus,
624 799 777 878 ta'metli
810 800 961 878 derisus
986 805 1055 890 iis,
1092 817 1330 892 contemtus,
1417 848 1418 899 3

323 917 528 996 fastidium
547 915 765 1018 fignificari
779 916 887 992 solet.
935 919 1034 992 Non
1052 929 1091 990 et
1109 941 1331 1022 corrugare

325 1061 452 1123 nares,
481 1049 527 1110 ut
546 1037 735 1110 Horatius
755 1035 825 1121 ait,
855 1047 894 1106 et
908 1029 1069 1120 inflare,
1097 1048 1135 1106 et
1149 1057 1330 1121 movere,
1416 1081 1417 1100 .

325 1167 364 1225 et
392 1150 518 1250 digito
542 1149 785 1250 inquietare,
814 1164 853 1222 et
877 1135 1008 1248 pulso'
1026 1145 1158 1224 subito
1183 1145 1329 1250 spiritu

324 1279 528 1352 excutere,
543 1279 583 1337 et
598 1264 786 1340 diducere
806 1262 982 1363 saepius,
1011 1279 1051 1336 et
1067 1262 1186 1364 plana
1204 1287 1330 1338 manu

323 1378 569 1480 resupinare,
607 1379 845 1455 indecorum
875 1375 947 1452 est:
1000 1403 1093 1452 cum
1120 1368 1328 1454 emunctio

324 1498 441 1568 etiam
465 1491 715 1592 frequentior
734 1519 817 1568 non
832 1491 915 1568 [ine
932 1491 1044 1570 causa
1061 1491 1329 1592 reprehenda-

265 1627 305 1690 ει
323 1626 399 1684 tur.
456 1607 583 1682 Labra
598 1624 637 1682 et
659 1611 924 1710 porriguntur
941 1609 1056 1696 male,
1085 1623 1124 1681 et
1139 1607 1328 1686 scindun·
1419 1651 1420 1666 .

323 1740 401 1814 tur,
431 1739 472 1798 et
489 1715 781 1825 astringuntur,
811 1739 850 1800 et
869 1721 1140 1815 diducuntur,
1167 1739 1207 1799 et
1230 1722 1328 1799 den·

386 1963 435 2021 8⁰·
465 1953 601 2008 decenter.
624 1953 722 2008 Turic.
748 1953 825 2009 Flor.
850 1953 1020 2008 decedenter.
1045 1952 1185 2028 florileg.
1210 1955 1324 2009 Stuten.

320 2041 369 2094 vir
390 2040 534 2114 quicquam
552 2055 607 2112 pro
629 2057 686 2092 non
696 2036 762 2111 sere
780 2037 892 2113 quidqu.
918 2039 992 2092 Mox
1008 2057 1064 2113 pro
1078 2037 1179 2114 dirr‘sus
1195 2040 1230 2091 iis
1245 2037 1323 2092 flor.

322 2123 386 2176 dori
398 2121 453 2196 sui.
476 2123 576 2178 Ambr.
596 2137 624 2177 Ω.
649 2122 746 2180 Guell.
771 2121 872 2196 derisui
890 2133 956 2178 curn
973 2122 1053 2182 Voff.
1071 2135 1100 2190 5.
1124 2121 1236 2198 derisim
1247 2121 1323 2182 sent

322 2209 409 2262 Tam.
430 2205 526 2282 densus
542 2206 630 2262 Goth.
648 2213 662 2276 (
669 2223 721 2261 tac.
741 2207 845 2279 Gelu.)
866 2206 1007 2262 Nostrum
1022 2205 1097 2278 ‚Oba
1114 2226 1129 2263 e
1145 2207 1322 2278 conjectura.

321 2291 374 2366 qui
387 2290 468 2364 quod
485 2290 520 2346 de
541 2291 591 2345 suo
607 2291 723 2362 subjicit
739 2294 856 2352 interim,
873 2309 1056 2366 nequaquam
1070 2291 1176 2366 probo.
1202 2289 1322 2365 Reliqui

321 2371 433 2447 derisus.
458 2375 532 2428 Mox
540 2373 678 2448 Florileg.
692 2377 804 2428 Santen.
821 2372 955 2448 copulam
968 2389 996 2430 ct
1010 2391 1076 2432 anto
1092 2381 1218 2450 quntuor
1228 2375 1322 2452 prima

319 2459 408 2511 verba
432 2458 588 2520 desideret.
611 2460 675 2533 post
698 2461 850 2532 inquietare
869 2457 986 2512 demum
1010 2479 1072 2514 eam
1095 2459 1255 2523 reducent,
1274 2459 1322 2515 sed

319 2541 455 2597 onrittem
477 2541 556 2596 idem
581 2543 668 2598 rerba
694 2557 722 2597 et
745 2543 803 2598 did.
819 2540 898 2616 saep.
912 2542 989 2598 Flor.
1006 2545 1108 2602 Ambr.
1122 2561 1148 2601 tt.
1165 2544 1261 2600 Guelf.
1280 2549 1321 2598 ιἰι·

318 2627 434 2698 quitare.
606 2624 686 2701 pulso
703 2627 799 2702 subito
816 2625 929 2702 spiritu.
962 2629 1010 2683 sic
1030 2628 1130 2686 Turio.
1152 2629 1230 2685 flor.
1252 2649 1320 2684 cum
1421 2657 1422 2684 t

317 2709 395 2764 Alnr.
410 2708 526 2786 impulso
534 2709 560 2785 Ι
571 2709 675 2788 spiritu
692 2712 793 2768 Ambr.
808 2727 835 2768 Ω.
852 2711 948 2768 Guell'.
972 2712 1092 2787 Reliqui
1109 2711 1226 2788 impulsu
1228 2712 1255 2789 Ι
1260 2711 1319 2788 spi·
1421 2729 1422 2738 ³

303 2797 408 2848 ‘rimata
432 2797 486 2850 Sed
504 2795 604 2870 Camp.
619 2810 648 2850 at
660 2794 954 2872 pulso-resupinare
969 2797 1091 2852 omittit.
1113 2799 1247 2854 deducere
1258 2799 1318 2852 Tu·

316 2877 369 2933 ric.
385 2877 463 2934 Flor.
481 2881 580 2936 Ambr.
592 2897 619 2937 2.
637 2880 732 2935 Gnell.
753 2882 841 2937 Goth·
857 2883 931 2944 Jenl.
948 2885 1015 2951 (rac.
1030 2881 1127 2952 Gela.)
1143 2893 1172 2936 ct
1187 2883 1318 2956 explana

318 2983 355 3017 m.
369 2963 497 3039 resonare
514 2965 613 3020 Turio.
630 2964 709 3019 Flor.
726 2985 792 3020 cum
807 2964 883 3021 Alm.
907 2965 962 3020 nili
974 2966 1055 3040 quod
1069 2966 1138 3020 inde
1153 2985 1187 3022 ea
1204 2984 1261 3042 pro
1272 2985 1315 3034 ex,

316 3047 402 3102 Tar-v.
423 3050 557 3106 indecore.
573 3047 668 3105 Guell.
690 3047 847 3127 frequenter
862 3067 929 3104 cum
945 3047 1035 3106 Goth.
1053 3050 1133 3115 Vols.
1151 3066 1180 3108 2.
1205 3068 1234 3108 et
1252 3049 1314 3106 edd.

315 3132 419 3191 aJeut.
434 3133 576 3190 tnteAld.
593 3137 730 3190 omunccio
745 3133 845 3192 Ambr.
859 3149 888 3190 Ω.
974 3139 977 3145 “
1218 3155 1222 3166 ·

259 3315 261 3322 ·
329 3325 335 3334 ·
380 3307 431 3369 gr.
451 3303 551 3359 Labra
565 3317 593 3359 et
602 3305 790 3378 porriguntur.
804 3300 904 3359 Turic.
920 3303 1014 3359 labrare
1027 3307 1195 3378 porrigatur.
1213 3307 1311 3381 Camp·

317 3386 338 3439 l.
364 3407 392 3457 p.
415 3385 474 3441 fine
497 3401 524 3442 et
548 3408 613 3443 cum
632 3391 726 3462 liupp.
747 3385 934 3463 astringuntur
953 3407 1068 3444 mecum
1083 3390 1185 3464 camp.
1201 3405 1230 3446 et
1243 3405 1312 3446 vett.

318 3468 382 3525 odd.
402 3470 483 3524 MSS.
497 3471 555 3525 fere
570 3473 699 3528 inserunt
712 3473 751 3527 D.
765 3485 797 3526 et·
807 3473 943 3527 ducuntur
958 3473 1058 3528 Turio.
1073 3471 1152 3530 Flor.
1162 3493 1231 3530 curn
1239 3474 1313 3531 alm.

317 3569 345 3607 et
360 3554 455 3609 deduc.
475 3553 576 3612 Ambr.
594 3569 622 3611 a.
648 3554 743 3611 Guelf.
760 3556 861 3630 Camp.
878 3555 950 3627 (hic
971 3575 1043 3613 mox
1063 3569 1090 3610 et
1104 3551 1231 3636 omittit)
1247 3577 1313 3614 cum

318 3637 483 3694 Gctli.1.2.
498 3639 574 3696 Voff.
590 3643 652 3698 m.
662 3653 690 3707 5·
705 3655 735 3694 et
747 3639 811 3695 cdcl.
827 3655 890 3696 ante
905 3640 974 3697 aad.
988 3661 1020 3696 ac
1031 3641 1114 3716 plene
1126 3642 1311 3698 Turic.Flor.

314 3738 348 3777 ut
368 3738 397 3798 qt
417 3721 493 3776 infra
516 3726 542 3795 t.
560 3735 609 3794 35.
631 3725 731 3784 iidem,
756 3742 850 3799 cuque
871 3723 939 3782 loco
961 3725 1312 3784 numeraturum

357 3931 406 3988 80.
429 3935 459 3976 ut
475 3923 605 3977 Horatius
619 3923 669 3978 ait.
705 3919 792 3998 Epio.
833 3925 935 3990 „dom
957 3924 1093 3999 equidem
1108 3943 1231 3982 menon
1248 3925 1310 3981 latit

318 4023 344 4066 ι,
364 4013 392 4070 5,
411 4019 460 4072 23.
833 4009 962 4083 „assequi
990 4009 1092 4064 fateor.
1128 4002 1308 4084 Cogitibam,

357 4097 406 4154 δι.
449 4091 547 4144 Lutra
565 4117 607 4131 —
620 4084 792 4162 scinduntur.
832 4111 890 4156 „tn
905 4111 965 4148 nou
974 4090 1066 4167 scindi
1079 4109 1187 4167 queant
1200 4095 1259 4148 dici
1271 4093 1310 4147 la·

315 4171 416 4244 „Quid
430 4171 479 4226 hic
488 4171 712 4230 ubivetittatra
719 4172 793 4250 scin·
832 4175 916 4241 „bra⁸
931 4195 997 4234 cum
1014 4197 1029 4232 a
1042 4177 1113 4234 lorti
1128 4175 1310 4256 compreffio·

378 4260 382 4290 Ι
1189 4281 1198 4300 ι
