2940 4788
181 406 184 414 ·
247 427 372 498 neo
535 405 1064 502 M.sss.qu1nr1n1sn1
1175 393 1178 400 “

297 596 527 678 firmentur:
547 619 777 694 quanquam
790 592 918 672 solent
932 593 1011 670 hoc
1030 591 1116 696 ipso
1131 596 1307 670 maxime

297 717 481 798 haerere,
518 708 630 807 quod
653 708 896 786 exciderunt.
962 710 1069 786 Illud
1091 707 1305 786 ediscendo

296 825 586 920 scribendoque
621 849 835 902 commune
860 823 935 914 est,
982 829 1143 926 utrique
1174 827 1306 925 pluri·

296 971 410 1020 mum
426 938 607 1020 conferre
626 939 774 1016 bonam
798 938 1082 1030 valetudinem,
1104 938 1304 1040 digestum

246 1115 255 1142 -.
300 1060 455 1147 cibum,
482 1058 660 1130 animum
688 1056 995 1154 cogitationibus
1011 1057 1099 1132 aliis
1115 1056 1300 1130 liberum.

243 1183 284 1252 36
298 1179 448 1282 Verum
465 1187 504 1246 et
520 1173 564 1244 in
581 1171 644 1258 iis,
658 1197 760 1270 quae
778 1168 1015 1272 scripsimus,
1035 1171 1303 1270 complecten-

298 1289 361 1368 dis
377 1288 553 1364 multum
569 1286 714 1374 valent,
744 1287 841 1360 etin
861 1287 926 1374 iis,
949 1299 1050 1384 quae
1067 1288 1302 1387 cogitamus,

298 1401 549 1489 cotttinendis
564 1425 690 1500 prope
707 1397 811 1476 solae
827 1403 1017 1500 (excepta,
1041 1391 1142 1500 qu'ae
1159 1417 1301 1500 poten·

296 1517 431 1604 tissima
446 1515 512 1605 est,
540 1517 837 1614 exercitatione)
854 1503 996 1624 dioisio
1013 1531 1052 1590 et
1063 1509 1299 1622 compositio.

196 1694 199 1705 .
297 1639 405 1714 Nam
428 1631 500 1734 qui
522 1645 626 1706 recte
642 1629 841 1719 diviserit,
867 1655 1077 1728 nunquam
1092 1633 1240 1734 poterit
1254 1632 1300 1704 in

241 1775 281 1832 57
298 1777 432 1826 rerum
455 1746 598 1822 ordine
620 1771 759 1822 errare.
828 1747 943 1822 Certa
967 1743 1059 1822 sunt
1084 1749 1190 1821 enim
1214 1769 1300 1820 non

296 1865 428 1944 solum
445 1853 736 1962 in'digerendis
756 1858 1070 1961 quaestionibus,
1097 1859 1299 1936 sedetiam

246 1965 259 2020 .·
295 1985 340 2058 in
359 1977 618 2078 exequendis,
647 1973 819 2054 simodo
835 1993 939 2051 recte
959 1975 1143 2065 dicimus,
1171 1978 1300 2075 prima

224 2177 226 2186 ,
296 2125 340 2184 ac
366 2091 558 2182 secunda,
588 2106 627 2168 et
651 2091 857 2194 deinceps:
882 2091 1146 2190 cohaeretque
1165 2093 1299 2168 omnis

294 2236 432 2298 rerum
453 2209 677 2308 copulatio,
706 2223 753 2282 ut
777 2211 816 2282 ei
837 2205 942 2282 nihil
965 2231 1097 2306 neque
1121 2203 1301 2282 subtrahi

295 2427 371 2504 (qui
391 2441 420 2482 et
440 2421 541 2496 creba)
562 2421 660 2496 camp.
684 2440 751 2476 cum
774 2422 867 2477 Stoer·
889 2423 1013 2480 Cliouet.
1030 2419 1207 2497 Leidqttoll.
1225 2419 1299 2476 obr.

295 2513 448 2568 intentione
470 2508 547 2562 Vosl'.
578 2529 603 2562 ι.
645 2504 765 2580 Reliqui
794 2501 988 2569 reiteratione,
1022 2505 1193 2586 defendente
1224 2503 1300 2560 mele

294 2597 425 2654 Gibsono
436 2591 581 2666 exemplo.
597 2591 676 2666 quod
692 2589 730 2644 est
740 2607 767 2654 2,
777 2599 806 2662 4,
820 2604 865 2657 13.
883 2591 919 2649 os.
930 2591 1122 2664 Oudendorp.
1135 2591 1300 2648 adsueton.

294 2679 397 2738 Claud.
412 2693 435 2731 ι.
458 2691 506 2743 27.
524 2693 595 2732 extr.
617 2674 711 2732 Modo
727 2676 825 2730 Tmic.
836 2673 984 2751 scribendo
1000 2677 1133 2750 sineque.

356 2763 406 2831 56.
433 2761 462 2818 V
460 2781 536 2816 erum
556 2775 584 2816 et
601 2763 629 2814 in
646 2763 688 2814 iis.
716 2759 764 2814 Sic
780 2760 880 2817 Ambr.
898 2776 925 2816 2.
956 2761 1056 2835 Camp.
1082 2760 1118 2814 V.
1141 2762 1226 2830 etiarn
1241 2759 1296 2816 ι’.ἱ.

293 2849 384 2908 Goth.
403 2847 477 2908 Jens.
502 2851 515 2914 (
524 2861 576 2901 tao.
594 2845 697 2909 Gesn.)
719 2863 786 2920 cum
802 2844 879 2901 Voss.
893 2859 921 2900 s.
937 2860 966 2900 et
982 2845 1046 2900 edd.
1064 2859 1129 2900 eote
1143 2843 1228 2898 Belil.
1244 2843 1296 2917 qui

292 2937 327 2996 V.
346 2935 396 2990 sris.
419 2929 515 2988 Guelf.
541 2930 620 2996 V.et
636 2929 687 2981 his.
703 2927 871 3001 ReliquiV.
885 2931 956 2983 etin
971 2930 1022 2985 sris.
1154 2927 1238 3003 solae
1254 2955 1296 2972 -

258 3069 260 3074 .
290 3019 495 3079 exercitatione,
518 3016 619 3074 Turio.
641 3011 720 3068 Flos.
740 3012 801 3083 (sed
825 3011 875 3068 hic
890 3013 949 3068 stne
964 3016 1123 3089 praepete)
1142 3011 1208 3088 sola
1225 3028 1297 3090 qnae

288 3117 349 3180 pot.
367 3097 406 3175 est
419 3114 448 3156 et
465 3118 498 3155 ex
513 3101 717 3153 exercitatione.
734 3096 835 3152 Ambr.
846 3111 873 3152 Ω.
896 3097 992 3154 Guels·
1002 3102 1102 3173 Camp.
1115 3099 1297 3171 (quanquam

289 3184 340 3242 itio
355 3185 516 3240 nonhabet
531 3189 573 3250 et)
579 3179 646 3257 sola
659 3191 773 3254 excepte
787 3199 812 3254 q.
825 3201 854 3254 p.
871 3177 908 3255 eft
925 3197 987 3238 ete.
1003 3201 1069 3238 eum
1083 3181 1157 3240 Voss.
1167 3193 1195 3246 3.
1210 3183 1298 3239 Bere.

186 3271 190 3279 '
289 3273 383 3326 Error
400 3271 431 3323 in
442 3266 509 3344 sose
523 3283 608 3322 natus
624 3287 639 3321 e
657 3265 827 3337 sequenteE
843 3265 876 3320 itt
891 3281 1013 3342 excepta,
1029 3283 1124 3341 neque
1140 3281 1202 3320 eret
1217 3265 1299 3340 quod

289 3353 329 3410 iis
354 3355 411 3407 hoo
432 3367 635 3406 annumeraret
658 3346 798 3421 exemplis
820 3351 1021 3414 Burmannus,
1052 3351 1089 3406 de
1112 3341 1220 3424 quibus
1237 3351 1299 3424 agit

291 3439 327 3494 ad
347 3451 382 3503 7,
400 3446 434 3504 4,
450 3447 501 3501 31.
524 3432 667 3511 potissima
681 3431 770 3487 Goth.
787 3431 862 3491 sens.
881 3436 949 3506 (tac.
966 3437 1067 3508 Geso.)
1080 3453 1148 3490 cum
1164 3433 1230 3488 edd.
1244 3453 1297 3509 po·

289 3523 369 3579 siem.
393 3534 458 3574 ente
478 3518 604 3574 Chouet.
628 3537 688 3574 exc.
707 3516 772 3572 Ald.
811 3519 898 3590 Quod
913 3517 990 3574 sim.
1006 3520 1134 3591 ejusdem
1150 3519 1297 3574 accusatur

290 3607 464 3680 lopipturae,
492 3603 689 3658 confusionem
705 3600 883 3674 interpretor
898 3603 977 3660 Von.
995 3617 1023 3659 tt.
1039 3621 1150 3679 ponere
1166 3601 1296 3659 volentis

285 3687 342 3766 (⁰5-
362 3693 388 3762 s·
403 3689 478 3758 550·
517 3685 573 3740 Sed
600 3687 690 3754 Μο.
712 3682 881 3759 potiffirnum
902 3688 1003 3762 Camp.
1019 3707 1087 3742 cum
1105 3685 1194 3744 suar.
1211 3686 1307 3744 nard·

289 3791 320 3832 et
333 3773 555 3847 aliquotBuem.
571 3771 651 3825 Dein
658 3771 686 3829 .V
688 3767 738 3824 oss.
755 3785 780 3821 ι.
795 3770 824 3822 in
837 3770 999 3844 praemittit
1013 3771 1081 3828 roci
1090 3771 1297 3828 exercitatione.

210 3867 228 3902 ⁴'
314 3906 318 3927 .
352 3885 403 3942 37.
427 3874 454 3928 ei
470 3868 549 3926 nisis.
570 3869 671 3926 Turio.
686 3867 839 3940 Flanona
852 3889 928 3946 apr.
942 3874 997 3942 m.)
1011 3885 1041 3928 et
1056 3893 1084 3928 n·
1101 3869 1174 3942 cs.5‚
1188 3891 1236 3934 ιο,
1246 3869 1296 3946 96.

332 4055 382 4108 57.
400 4040 432 4116 fi
453 4037 536 4095 modo
561 4049 631 4094 recte
646 4038 768 4092 dirimat.
812 4039 906 4096 nimio
929 4037 1081 4115 splendore
1103 4057 1201 4094 rerum
1225 4039 1298 4114 ipse·

288 4119 616 4180 Nililorteomamentit
626 4121 772 4178 tamamb·
814 4141 881 4178 rum
912 4141 1082 4200 compagem
1103 4139 1134 4180 et
1155 4123 1298 4194 mucules

286 4203 374 4266 itiose
397 4201 602 4284 indulgemus}
626 4221 774 4286 utporaut
817 4207 1011 4266 obscuremus.

1032 4347 1036 4362 .
1151 4321 1163 4360 l
1284 4311 1286 4315 ¹
