2940 4788
310 430 385 501 253
552 409 611 486 Μ.
638 411 741 488 rto.
769 413 1083 538 QUINTILtANI

163 597 165 614 '
199 675 204 684 .
311 604 612 686 sententiolisne
640 601 821 678 flendum
854 605 955 682 erit?
1015 598 1321 705 epiphonemata

312 737 380 798 aut
400 721 693 820 enthymemata
714 719 961 795 exorabunt?
996 721 1096 795 Non
1117 713 1321 820 quidquid

309 838 433 912 meris
470 836 679 929 adjicietur
716 829 942 924 affectibus,
1002 859 1140 910 omnes
1177 860 1323 912 eorum

311 949 444 1027 diluet
468 953 585 1039 vires,
616 965 655 1023 et
680 941 980 1024 miserationem
998 947 1205 1024 securitate
1219 953 1323 1026 laxa·
1382 993 1387 1002 ·

193 1138 195 1146 ,
251 1065 398 1143 tiabit?
435 1067 538 1164 Age,
571 1061 674 1138 fide
697 1081 829 1139 morte
849 1061 928 1136 filii
950 1061 1032 1152 sui,
1072 1065 1138 1138 vel
1161 1065 1323 1157 iniuria,

311 1205 416 1282 quae
429 1195 558 1256 morte
571 1177 619 1252 [it
633 1179 804 1279 gravior,
834 1175 1050 1252 dicendum
1073 1177 1323 1278 patrifuerit,

313 1295 450 1371 autin
474 1293 671 1370 narrando
701 1283 875 1393 gratiam
903 1293 1013 1385 iilam
1051 1291 1323 1393 expofittonis,

312 1434 418 1510 quae
442 1411 645 1508 continget
675 1431 723 1481 ex
743 1405 924 1482 sermone
952 1432 1056 1507 puro
1074 1423 1191 1510 atque
1214 1410 1324 1485 dilu-

314 1525 421 1613 cido,
449 1540 632 1622 quaeret,
661 1521 836 1597 breviter
857 1547 900 1596 ao
922 1519 1190 1622 significanter
1212 1525 1325 1602 ordi·

313 1665 411 1716 nem
435 1641 495 1713 rei
514 1634 715 1738 protuliffe
740 1653 970 1725 contentus,
1002 1653 1071 1712 aut
1092 1657 1325 1738 argumenta

312 1753 480 1834 diducet
497 1755 542 1832 in
556 1753 720 1854 digitos,
751 1768 790 1827 et
805 1749 1126 1854 propoiitionum
1144 1779 1187 1828 ac
1204 1759 1325 1856 parti·

382 2045 431 2105 52.
447 2037 575 2110 flendarm
589 2036 649 2089 erit.
671 2032 771 2090 Tunie.
791 2031 869 2090 Flor.
889 2032 916 2109 f.
935 2036 1044 2110 operuit
1066 2051 1133 2092 eum
1149 2035 1227 2093 Atm.

330 2149 333 2161 ·
382 2123 605 2198 epiphonemate.
629 2118 731 2174 Turio.
755 2121 937 2193 epiphonema.
983 2187 989 2201 .
1103 2125 1190 2178 meris.
1222 2126 1324 2182 Turio.

310 2203 393 2264 Flor.
414 2206 477 2275 (hie
500 2227 523 2259 a*
537 2223 582 2280 pr.
609 2204 664 2275 m.)
693 2207 798 2258 irretitis
825 2223 891 2260 eum
912 2203 990 2261 alm.
1015 2205 1091 2270 Mox
1116 2205 1207 2262 iidem
1231 2211 1324 2282 (Ποῖ.

312 2293 345 2361 (a
360 2291 475 2367 phm.)
501 2307 633 2345 errorum.

384 2469 433 2526 55.
453 2471 582 2533 quaeret.
609 2457 720 2520 Turio..
736 2455 817 2513 Flor.
855 2461 883 2525 (a
904 2479 949 2534 pr.
969 2461 1025 2534 m.)
1062 2475 1109 2524 ete
1135 2461 1208 2520 aiter
1227 2467 1340 2543 supere=

311 2543 455 2618 seriptum
477 2543 606 2596 nostrum
627 2542 735 2597 iterum
757 2541 841 2598 tellio
857 2563 873 2598 a
889 2564 979 2600 manu
1004 2559 1033 2614 5.
1063 2548 1164 2603 Turio.
1180 2569 1238 2624 pro
1261 2573 1326 2610 eon·

315 2631 409 2700 tinget
436 2625 528 2682 modo
557 2628 706 2699 contingen
769 2665 779 2691 ,
803 2627 959 2687 ethorum
983 2646 1106 2706 uterque
1129 2652 1201 2688 mox
1231 2657 1325 2711 repro·

314 2709 409 2787 ...effi
430 2705 521 2790 (nor.
548 2732 577 2764 η
599 2709 756 2787 patum..
791 2709 850 2767 hoc
871 2732 937 2768 cu...
962 2697 1057 2773 eutr.
1082 2716 1171 2773 oon.
1198 2721 1276 2777 ror.
1296 2737 1326 2782 ι.

312 2797 417 2870 Cemp.
441 2814 501 2850 non
515 2797 604 2862 Jent.)
625 2793 770 2870 contestas,
791 2797 838 2852 scd
853 2795 932 2854 flor.
955 2821 970 2854 a
987 2818 1031 2874 pr.
1048 2815 1159 2856 tautum
1173 2823 1271 2861 mann.

376 2880 493 2935 ‚diducet
523 2882 552 2934 in
579 2881 693 2953 digitos.
722 2880 821 2936 Turio.
852 2881 931 2939 Flor.
971 2884 1051 2938 ducet
1073 2889 1102 2940 in
1124 2885 1225 2943 dicitas
1257 2909 1326 2947 eum

311 2964 392 3026 Alm.
404 2966 436 3021 in
453 2983 499 3041 pr.
515 2983 599 3020 voce.
622 2966 696 3020 dicet
709 2967 728 3022 i.
744 2965 771 3020 d.
786 2955 891 3022 'G'ueli
916 2969 989 3024 Ere.
1011 2973 1090 3026 Sunt.
1177 2993 1180 2998 Δ

359 3197 584 3274 epiphonemata.
614 3197 731 3253 Habent
746 3195 798 3252 itta
841 3199 940 3257 dantes
954 3201 1072 3259 Hereld.
1092 3203 1179 3259 anim.
1194 3205 1226 3260 in
1239 3205 1326 3266 Saim.

314 3283 465 3358 superbiae
510 3297 538 3336 et
572 3281 697 3337 ferociae
738 3283 798 3358 ipe·
844 3295 870 3350 5,
897 3296 943 3353 ιθ,
971 3289 1325 3352 15.Bu1·m.:.dt²erron.

313 3369 401 3431 ciem,
427 3364 519 3440 qualis
536 3367 573 3420 est
591 3366 624 3418 in
638 3364 692 3421 illo
710 3366 799 3422 Milo·
841 3381 924 3435 c.25.
934 3372 1265 3432 Lucian.Diai.De01·.6
1282 3399 1327 3452 pr.

222 3445 225 3452 Α
312 3449 753 3524 niano,quodponitnoiie18,
771 3461 799 3517 5,
842 3451 895 3507 ubi
917 3452 1044 3528 ὑβριστὴς
1067 3458 1164 3512 Ixion.
1190 3463 1327 3518 etnoster

316 3555 369 3594 n.
391 3553 451 3610 quo
465 3549 494 3588 et
517 3535 579 3608 ipio
594 3532 662 3588 loco
678 3536 801 3606 eonjun·
843 3555 914 3591 mox
938 3543 963 3611 §-
983 3549 1033 3610 84.
1062 3543 1191 3598 Pertinet
1206 3563 1247 3618 ⁸eo
1270 3545 1329 3601 hoo

246 3649 249 3658 ι
312 3622 396 3696 gitur
417 3618 706 3691 cumenthymemate
727 3623 753 3690 q.
771 3637 799 3692 9.
842 3639 976 3695 quoque,
1021 3625 1102 3699 quod
1125 3623 1273 3702 stupratas
1294 3629 1329 3706 [ο

311 3707 419 3780 Neque
437 3703 525 3766 enim,
543 3717 575 3755 ut
591 3703 732 3757 contiuno
749 3701 799 3758 hie
835 3702 999 3780 suspendit,
1046 3709 1142 3765 taedio
1163 3713 1242 3767 vitae
1265 3715 1328 3790 post
1425 3751 1429 3766 .

312 3788 428 3844 testatur
444 3787 511 3858 Qu..
527 3787 639 3840 remilia
655 3801 684 3840 et
700 3786 798 3841 humi·
842 3803 952 3844 tantum
973 3793 1105 3856 dedecus,
1131 3808 1159 3862 7,
1183 3806 1211 3862 4,
1234 3803 1286 3868 42.

216 3883 218 3892 ’
310 3871 349 3929 lie
365 3873 459 3928 oratio
477 3870 672 3933 decureum,
696 3871 798 3944 quide
887 3885 936 3941 53.
959 3881 1049 3931 autin
1068 3881 1329 3938 narrando-aut

312 3955 514 4032 iiuprqmaris
530 3954 729 4026 conqueritur.
757 3957 799 4009 Ea
842 3974 1004 4032 argumenta
1018 3961 1137 4018 diducet.
1149 3963 1258 4054 Badius
1272 3985 1327 4042 pro

312 4040 351 4096 est
374 4042 477 4109 injuria
506 4053 593 4096 niorto
616 4040 739 4110 gravior,
763 4039 798 4094 de
841 4042 900 4095 istie
926 4058 974 4097 eut
995 4044 1149 4118 legendum
1173 4052 1266 4107 censet
1291 4071 1328 4106 an

312 4141 369 4200 que
392 4121 506 4198 aliquid
528 4123 565 4177 ad
592 4120 671 4176 hune
697 4120 798 4177 locum
842 4125 1008 4200 tnrobique.
1051 4131 1196 4204 Equidem
1228 4135 1329 4210 priore

311 4223 462 4285 exponunt
475 4207 574 4264 Burm.
595 4221 623 4264 et
640 4206 721 4264 Gefn.
736 4203 798 4262 lau·
842 4223 952 4266 tautum
973 4211 1051 4280 loco,
1075 4215 1128 4272 ubi
1151 4217 1269 4292 periisse
1291 4239 1328 4274 aa
