2940 4788
301 405 376 488 ¹94
539 393 597 466 nr.
620 393 720 466 me.
747 391 1061 491 qururmmru

299 597 442 673 turam,
470 581 603 676 subito
620 609 681 661 res
698 581 880 671 vetustas,
902 597 1011 656 tento
1026 605 1073 656 ex
1086 576 1302 654 intervallo

187 687 193 706 '
299 702 502 816 repetitas,
531 699 697 776 reddere
718 697 757 773 se
779 713 818 772 et
840 693 1007 778 offerre:
1044 721 1119 772 nee
1144 707 1302 768 tantum
1327 709 1331 718 ’

303 815 611 913 requirentibus,
640 813 707 889 sed
726 814 842 888 etiam
859 811 997 914 sponte
1014 809 1196 886 interim:
1227 829 1301 880 nee

248 919 577 1029 evigilantibus,
606 928 674 1006 sed
691 929 808 1004 etiam
825 929 959 1028 quiete
975 922 1210 1026 compositis.
1242 925 1302 998 Eo

196 1137 199 1147 ¹
300 1046 425 1143 magis
440 1042 551 1142 quod
567 1046 637 1120 illa
652 1069 816 1145 quoque
833 1044 1027 1129 animalia,
1045 1065 1147 1140 quae
1171 1060 1304 1112 cerere

299 1161 506 1236 intellectu
519 1159 721 1272 videptur,
740 1159 1010 1234 meminerunt
1019 1171 1057 1229 et
1073 1148 1303 1254 agnoscunt,

220 1307 221 1315 ¹
299 1290 342 1348 et
358 1276 576 1373 quamlibet
590 1277 713 1374 longo
728 1275 871 1348 itinere
886 1271 1055 1350 deducta
1076 1268 1126 1344 ad
1140 1263 1302 1342 effaetas

188 1405 191 1414 '
236 1427 242 1450 ι
298 1387 495 1464 fibitedes
513 1399 779 1464 revertuntur.
811 1387 946 1492 Quid?
963 1386 1156 1490 nonbree
1174 1383 1303 1458 varie·

297 1513 356 1580 t'es
373 1505 474 1578 mira
495 1501 549 1577 est
557 1523 572 1592 ,·
597 1501 776 1578 excidere
793 1503 990 1604 proxima,
1002 1595 1005 1600 A
1018 1515 1150 1576 vetere
1164 1497 1304 1572 inhae-

298 1619 411 1692 rere?
450 1616 727 1694 hesternorum
749 1621 1025 1705 immemores,
1059 1632 1141 1690 ecte
1165 1614 1303 1714 pueri·

263 1731 375 1806 triae
399 1731 623 1807 recordari?
663 1731 799 1840 Quid?
829 1732 941 1833 quod
959 1730 1153 1832 quaedam
1166 1730 1303 1830 requi·

294 1845 366 1922 lite
387 1843 427 1922 se
451 1847 670 1939 occultunt,
698 1863 738 1924 et
761 1845 897 1924 eadem
915 1835 1017 1924 forte
1037 1846 1301 1926 succurrunt?

405 2074 629 2156 requirentibus.
649 2081 744 2138 Guelf.
763 2079 959 2155 inquirentibus
971 2099 1038 2134 eum
1054 2079 1145 2137 Goth.
1262 2093 1301 2135 et·

296 2169 353 2221 ium
373 2163 486 2240 sponte.
516 2167 616 2221 Turie.
639 2163 718 2220 Flor.
744 2164 782 2233 (a
796 2186 840 2240 pr.
859 2169 920 2232 m.)
943 2167 972 2218 in
981 2161 1085 2238 sponte
1099 2183 1165 2218 eum
1181 2163 1257 2220 Alm.
1273 2179 1302 2220 et

291 2249 338 2327 sp.
360 2249 456 2308 Gueli.
478 2249 568 2306 Goth.
593 2249 660 2318 (tar.
685 2251 781 2319 Gein.)
803 2268 869 2305 eum
894 2249 971 2308 voff.
990 2264 1017 2302 2.
1054 2249 1175 2305 Omittit
1189 2252 1302 2303 interim

298 2332 394 2390 Guelf.
414 2335 487 2388 Mox
496 2331 642 2407 compositi
648 2332 743 2387 Gueli.
753 2353 818 2387 cum
828 2333 916 2389 Goth.
926 2333 1003 2390 voff.
1014 2349 1041 2389 r.
1053 2350 1142 2408 etpro
1147 2331 1200 2408 sed
1213 2338 1301 2408 etiam

296 2419 388 2492 quiete
402 2415 480 2472 Flor.
498 2419 534 2485 (e
547 2435 592 2490 pr.
608 2419 668 2485 m.)
677 2415 712 2492 se
726 2418 834 2472 electum
847 2420 947 2495 quiete.
973 2418 1069 2474 Gueli.
1079 2415 1113 2494 se
1127 2431 1227 2474 tectum
1241 2421 1298 2498 qui.

296 2502 398 2578 Camp-
407 2497 433 2576 s.
452 2513 480 2556 et
495 2502 594 2577 quiete.
1058 2493 1061 2503 ’

360 2619 389 2674 6.
411 2617 459 2674 Eo
478 2619 568 2690 magis
583 2617 666 2694 quod.
690 2619 739 2684 ste
759 2617 837 2674 Flor.
859 2619 1086 2694 Reliquinurgir
1102 2637 1166 2678 rute
1183 2642 1216 2677 eo
1231 2623 1301 2695 reji-

296 2706 381 2761 eiunt
401 2719 430 2760 et
450 2701 602 2778 prioribus
623 2720 787 2760 annectunt.
822 2705 919 2760 Turie.
938 2705 1033 2762 Gueli.
1049 2707 1149 2780 Cemp.
1165 2707 1300 2784 eoquod.

294 2780 534 2866 Reliqui'eoque.
726 2789 862 2843 uidentur.
895 2788 943 2843 sic
965 2789 1043 2848 Flor.
1071 2789 1165 2846 Guelt.
1190 2792 1302 2846 uidetur

296 2877 397 2949 Camp.
408 2875 538 2929 viderunt
550 2871 649 2927 Turio.
673 2871 793 2946 Reliqui
810 2873 941 2928 videmur.
1106 2873 1232 2931 deductu.
1251 2877 1301 2932 ste

220 2949 226 2978 ³
295 2960 396 3016 Turie-
407 2959 484 3014 Flor·.
501 2957 596 3012 Gueli.
613 2959 712 3030 Cemp.
737 2955 857 3032 Reliqui
871 2957 992 3011 diducta.
1014 2956 1093 3012 Infra
1110 2963 1135 3030 ᾗ.
1152 2967 1198 3026 ¹8·
1215 2961 1299 3015 vicii·

294 3045 348 3099 lim
373 3044 519 3098 deductam
540 3041 636 3096 Guelf.
663 3045 761 3114 Cemp·
786 3043 875 3098 Goth.
899 3041 971 3100 Jeni.
994 3047 1069 3110 (tae.
1085 3041 1188 3110 Gelu.)
1209 3045 1298 3100 Terv.

295 3129 374 3183 Mox
396 3125 493 3181 Gueli.
508 3145 627 3200 quoque
647 3125 722 3194 (non
738 3124 841 3198 Goth.)
858 3139 1028 3182 externorum
1042 3145 1096 3200 pro
1114 3122 1301 3200 hesternorum

237 3208 240 3216 ’
296 3229 363 3266 euru
389 3211 467 3286 Veii.
484 3223 510 3265 e.
535 3207 638 3272 iolito,
661 3213 945 3274 urmenetBurm..
974 3208 1166 3268 librariorum
1189 3229 1298 3283 errore,

296 3292 431 3368 ablegant
446 3289 497 3348 ille
512 3292 547 3376 ad
561 3292 651 3349 ovid.
667 3293 748 3351 Trite
767 3315 793 3358 r.
809 3307 838 3378 5!
854 3303 902 3364 44.

317 3513 322 3520 ·
339 3494 367 3550 6.
389 3493 436 3549 Eo
452 3497 541 3568 magis
556 3496 639 3570 quod.
680 3499 774 3552 Tanto
817 3496 888 3570 quid
902 3496 1039 3560 invenio,
1061 3496 1107 3552 ted
1123 3496 1202 3572 saepe
1218 3494 1306 3571 quod

296 3579 417 3653 dignior
438 3579 629 3636 admiratione
652 3583 689 3636 eil
704 3583 775 3636 haee
818 3581 968 3654 quaerenti
1008 3599 1070 3636 non
1115 3581 1299 3654 comperuit.

294 3663 498 3722 reminiscendi
509 3663 637 3728 incultae,
654 3667 734 3739 qood
744 3686 775 3721 ea
817 3662 896 3719 aliud
912 3666 1008 3739 agenti
1018 3667 1128 3739 praello
1137 3663 1182 3719 eil.
1208 3665 1300 3744 Quae·

294 3747 364 3821 ipsu
388 3767 506 3821 quoque
528 3749 618 3804 mutis
644 3750 775 3805 animali·
814 3747 1302 3824 damveroqueeobuersentieneibi

294 3831 353 3904 bue
366 3831 520 3903 contingit.
818 3845 846 3886 et
857 3835 918 3902 jam
933 3835 1070 3908 exaliqua
1081 3845 1162 3908 perte
1168 3829 1301 3908 seosten·

337 3931 365 3984 7.
400 3913 532 3991 requtfita
559 3915 592 3992 se
629 3920 775 3975 occultent.
818 3917 913 3970 dentice
940 3935 996 3970 non
1025 3917 1133 3994 poffunr
1155 3937 1300 3992 occupare,

294 3998 425 4072 Lepidus
438 4001 475 4055 est
485 4018 571 4076 quem
581 4002 776 4076 ponitGeine·
818 4001 913 4056 eodem
922 3999 1019 4076 securo
1032 4015 1060 4058 et
1074 3998 1226 4074 composito
1238 4004 1302 4056 eni·

294 4098 346 4134 rue
389 4087 511 4138 Senecae
546 4087 634 4161 patrie
674 4085 774 4144 loeuer
817 4103 863 4138 mo
873 4083 967 4158 sabito
983 4085 1301 4162 enrergunt.“inpreei.

294 4163 387 4227 „Nou
405 4167 483 4222 enim
507 4167 578 4224 dum
599 4189 707 4244 quaero
723 4171 776 4226 ali·
820 4189 847 4224 r.
868 4167 941 4224 libri
956 4170 1121 4227 Controrv.
